3784 5459
517 299 612 425 144·
839 216 1318 382 'nexrn

255 526 420 592 Act-Erud.
464 507 640 585 itudinem
667 499 834 604 apprime·
853 521 1052 600 congruere
1076 493 1237 583 debent,
1273 513 1355 563 curn
1383 506 1534 588 quatuot
1559 484 1682 564 valvis
1714 489 1770 567 ιβ
1861 552 1862 559 ,

255 608 420 682 An·1689·
438 538 537 685 sabee
571 605 681 680 etiam
715 597 964 676 elaborandis:
1000 619 1041 671 ut
1066 618 1202 667 taceam
1235 589 1332 689 quod
1359 587 1384 661 st
1411 587 1468 661 vel
1494 586 1568 662 hac
1604 591 1666 663 vel
1697 591 1767 668 illa

259 686 306 749 M·
320 687 413 763 ΜΗ·
438 734 503 813 ptr
525 705 642 782 sordes
669 699 803 803 aliquas
818 697 1055 797 impediatur,
1081 718 1154 791 quo
1172 689 1289 762 minus
1304 686 1488 763 claudatur
1513 687 1673 781 exafile,
1702 692 1766 768 sar·

465 820 636 883 enumero
662 799 756 891 fiat,
791 820 831 873 ut
857 795 1014 870 maxima
1051 814 1152 891 parte
1178 789 1297 888 optati
1329 786 1474 863 effertus
1508 786 1765 893 frustremur.

438 834 584 985 iuuene
610 901 720 976 etiam
748 923 851 973 novae
877 894 930 971 har
959 890 1156 981 machinae,
1192 912 1317 988 utpote
1344 887 1466 990 exigui
1493 885 1682 991 sumptus,
1722 892 1764 969 in

437 1004 563 1083 multis
587 1000 704 1081 hortis
729 995 919 1090 adhiberi,
945 996 988 1070 ad
1016 1017 1143 1096 aquarn
1169 987 1373 1091 tempestate
1401 985 1514 1064 calida
1540 990 1577 1062 &
1596 987 1686 1068 ficca
1704 991 1764 1068 in·

438 1104 689 1207 sperg'cndam.
1280 1190 1288 1205 ,
1320 1189 1328 1205 .
1461 1189 1469 1202 ,

456 1244 460 1251 ·
491 1204 552 1279 Ad
568 1200 894 1278 Instrumentorum
921 1196 1052 1270 horum
1070 1193 1194 1282 usum,
1220 1189 1430 1266 facillimum
1458 1210 1559 1288 juxta
1585 1216 1628 1267 ac
1655 1194 1763 1271 tutis-

439 1302 565 1378 fimum
593 1301 687 1375 foret
716 1298 788 1401 ipsa
814 1298 852 1372 in
880 1322 1009 1397 aquam
1025 1292 1244 1381 immittere,
1270 1314 1310 1365 ut
1327 1288 1503 1366 foramina
1531 1318 1644 1394 prope
1654 1322 1762 1372 axem

439 1401 535 1477 insta
560 1401 597 1476 su
623 1398 782 1476 erflciem
802 1398 1116 1499 demergerentur,
1144 1414 1250 1491 atque
1276 1389 1327 1463 ita
1355 1414 1443 1491 aqua
1461 1390 1761 1495 proprioponde

439 1527 480 1581 re
508 1494 578 1577 line
594 1427 755 1576 similene
779 1497 894 1615 posset
921 1493 1079 1598 ingredi.
1106 1495 1245 1567 Verum
1263 1513 1405 1580 tamen,
1432 1487 1456 1561 sr
1482 1489 1534 1564 ita
1561 1518 1615 1565 res
1641 1492 1763 1594 pollu-

440 1602 552 1691 laret,
580 1602 716 1702 possent
743 1623 852 1673 etiam
869 1599 920 1672 hae
939 1594 1110 1670 machina
1137 1593 1175 1666 in
1194 1592 1276 1664 loco
1294 1588 1486 1703 commodo
1512 1589 1760 1696 supraaquam

264 1711 421 1786 Tunv.
445 1704 653 1776 elevandam
681 1697 873 1790 collocari,
926 1691 1202 1771 routvidereest
1215 1691 1332 1788 βω,
1359 1715 1396 1763 tn
1409 1714 1478 1789 qua
1488 1690 1681 1768 exhibetur
1699 1722 1761 1771 vas

265 1811 332 1893 Fig.
355 1827 381 1890 ς.
441 1804 596 1879 ΑΑΑΑ
624 1800 709 1876 undi
736 1825 850 1900 uaque
877 1724 1054 1885 eiiusum,
1079 1791 1319 1892 foraminique
1345 1814 1454 1888 prope
1471 1815 1576 1863 axem
1595 1794 1640 1867 ab
1657 1820 1759 1870 ante-

438 1900 530 1977 riori
558 1924 657 2000 parte
678 1827 978 1972 adierruminatus
1003 1893 1051 1968 est
1069 1894 1173 1966 tubus
1190 1894 1269 1980 PP,
1295 1889 1384 1964 adeo
1403 1911 1441 1962 ut
1460 1916 1539 1991 pars
1565 1891 1641 1989 ejus
1668 1896 1758 1970 insc-

440 2001 518 2076 rior
533 1996 699 2072 immersa
725 2022 821 2107 aqua
839 1992 1015 2067 elevandae
1043 1991 1152 2090 ipsam
1172 1988 1362 2065 necessario
1388 1988 1510 2089 sugere
1529 1991 1685 2087 debeat,
1712 1996 1756 2073 ad

440 2096 649 2196 replendum
675 2093 827 2193 spatium
855 2092 898 2165 ab
924 2117 1015 2191 aqua
1043 2116 1104 2191 per
1131 2090 1261 2187 t'ubunr
1280 2091 1363 2164 ΑΙ)
1384 2114 1597 2191 erumpente
1631 2094 1761 2169 dereli⁴

440 2197 539 2273 blutn
557 2221 569 2283 3
596 2192 705 2267 medo
723 2190 904 2267 machina.
917 2216 961 2263 eo
988 2189 1126 2290 impetu
1145 2212 1383 2279 exerceatur,
1410 2190 1472 2290 qui
1499 2190 1707 2270 columnam
1726 2224 1759 2272 a·

440 2319 568 2396 queam
597 2291 797 2366 altitudinis
824 2294 882 2365 PP
909 2290 1053 2365 elevare
1079 2290 1225 2363 valeat.
1261 2288 1501 2363 Difficultatis
1537 2316 1660 2369 tamen
1699 2296 1759 2370 ali-

440 2393 528 2494 quid
555 2416 591 2463 te
617 2389 771 2462 eriretur
797 2413 816 2461 a
844 2411 945 2488 parte
972 2386 1159 2488 posteriori
1186 2386 1275 2461 vafis
1301 2392 1485 2481 AAAA,
1513 2392 1574 2466 ubi
1603 2394 1682 2468 axis
1699 2400 1758 2471 BB

439 2417 660 2593 pertranbt:
697 2489 832 2560 necesse
858 2486 957 2559 cuim
981 2483 1057 2577 est,
1091 2509 1131 2561 ut
1156 2486 1270 2562 didius
1296 2486 1372 2561 axis
1397 2487 1697 2606 circumagatur,
1725 2497 1760 2569 ἀ

441 2588 643 2665 cavendum
671 2592 814 2674 tamen,
841 2610 886 2658 ne
905 2609 969 2685 per
993 2585 1155 2661 foramen
1182 2613 1252 2688 qua
1271 2588 1532 2662 transmittitur
1557 2593 1622 2664 ille
1646 2595 1763 2689 axis,

440 2686 629 2762 transrtum
646 2684 755 2759 etiarn
783 2709 844 2758 aer
870 2683 1051 2759 inveniat.
1078 2687 1117 2756 Si
1136 2686 1233 2756 enim
1260 2685 1413 2763 intraret
1438 2714 1517 2775 aer,
1545 2690 1759 2791 nonpolset

442 2812 533 2888 aqua
585 2810 622 2857 er
650 2785 776 2857 tubum
795 2786 853 2858 PP
879 2782 1026 2857 attolli:
1054 2778 1152 2856 facili
1183 2806 1304 2857 tamen
1331 2786 1475 2887 negotio
1501 2786 1697 2889 superatur
1718 2792 1761 2864 il·

440 2887 477 2960 la
502 2811 691 2959 difficultas
707 2883 889 2957 coriorum
907 2907 1003 2982 ope,
1029 2906 1106 2983 qua
1122 2880 1296 2981 ejusmodi
1321 2880 1558 2956 foraminibus
1577 2912 1600 2958 a
1627 2887 1761 2989 plican-

444 3008 533 3061 turr
562 2982 637 3057 axis
663 2981 760 3056 enim
776 2979 994 3077 cylindricus
1017 2980 1180 3057 foramen
1207 2980 1351 3082 aliquod
1378 2978 1416 3055 in
1444 2982 1547 3054 corio
1566 2915 1721 3061 diiatans
1750 3041 1762 3080 ,

434 3083 524 3161 illud
552 3083 674 3156 enable
703 3082 878 3180 replet&
897 3081 1062 3155 obturat.
1090 3085 1374 3172 Verumtamen,
1401 3106 1475 3182 quo
1503 3086 1613 3183 poffit
1642 3088 1763 3161 omnir

442 3180 791 3282 suspicio'ar'noteri,
818 3182 919 3278 plura
935 3179 1109 3279 ejusmodi
1126 3179 1224 3255 cotia
1251 3180 1485 3273 adhibentur,
1514 3183 1759 3287 &facilepro

442 3304 609 3372 curatur,
636 3288 676 3353 'ut
692 3277 845 3381 spatium
863 3279 965 3355 inter
982 3281 1081 3357 coria
1108 3279 1347 3382 interceptum
1373 3279 1506 3381 syrupo
1524 3310 1588 3359 aut
1607 3284 1679 3360 alio
1691 3286 1756 3361 ali·

442 3406 515 3483 quo
542 3382 682 3484 liquore
699 3380 812 3454 craffo
840 3380 986 3480 plenum
1001 3380 1139 3481 semper
1156 3404 1366 3472 remaneat,
1394 3380 1483 3455 adeo
1511 3408 1550 3457 ut
1569 3387 1671 3459 locus
1700 3386 1762 3460 ille

265 3536 291 3601 P
380 3554 425 3598 m
442 3505 568 3557 contra
586 3480 676 3556 aeris
691 3479 883 3581 ingressum
910 3507 985 3556 non
1003 3481 1120 3555 minus
1136 3479 1176 3555 sit
1195 3502 1312 3571 tutus,
1338 3488 1446 3582 quarn
1464 3485 1585 3596 quivis
1612 3486 1705 3559 alius
1726 3486 1762 3559 in

294 3556 311 3596 ³
334 3554 374 3614 '3
443 3604 522 3657 tota
539 3580 729 3655 machina.
757 3578 795 3653 si
813 3579 925 3682 igitur
952 3581 1094 3682 reliquae
1111 3605 1227 3682 partes
1242 3583 1362 3655 cadem
1380 3580 1568 3657 sedulitate
1587 3587 1762 3659 obturen-

444 3703 524 3774 tur,
552 3702 658 3780 atque
676 3679 781 3771 axis,
808 3702 847 3754 ut
874 3706 937 3781 par
954 3679 1031 3772 est,
1058 3682 1364 3772 circumrotetur,
1391 3682 1589 3757 necessario
1615 3680 1766 3786 sugatur

444 3804 534 3880 aqua
561 3802 623 3880 per
639 3781 764 3853 tubum
784 3782 862 3871 PP,
889 3806 929 3854 ac
948 3780 1076 3858 deinde
1103 3780 1146 3853 ab
1164 3782 1228 3854 alis
1249 3783 1360 3880 preffa
1387 3782 1422 3853 dt
1441 3781 1583 3882 expulsa
1594 3778 1764 3886 erumpet

385 3962 389 3969 1
444 3903 507 3977 per
524 3880 649 3953 tubum
669 3881 765 3954 AD:
795 3878 1014 3981 proindeque
1032 3878 1101 3952 hac
1119 3879 1305 3973 machina,
1330 3878 1435 3980 'juxta
1460 3907 1501 3956 ac
1520 3882 1732 3962 Reiseliana
1752 3940 1763 3979 ,

441 3979 606 4051 Rotarilis
625 3978 737 4074 fusior
761 3978 806 4051 Θ·
826 3979 953 4077 preffor
979 3980 1175 4081 nuncupari
1195 4004 1372 4055 meretur.

493 4077 653 4152 Omitto*
669 4077 727 4150 hic
754 4079 920 4153 exhibere
956 4076 1115 4179 ligneum
1143 4104 1381 4180 apparatum,
1408 4082 1467 4157 cui
1495 4084 1688 4166 inserenda
1716 4087 1760 4164 est

442 4175 615 4273 ejusmodi
634 4175 817 4266 machina,
846 4202 920 4278 quo
949 4178 1054 4278 possit
1070 4177 1173 4253 facile
1192 4182 1225 4252 ἃ
1246 4181 1436 4255 commode
1454 4182 1493 4258 in
1514 4212 1662 4266 motum
1691 4191 1758 4273 cie·

440 4280 471 4350 ri
491 4311 499 4351 ε
528 4277 564 4355 id
582 4275 679 4353 enim
695 4275 871 4377 aquovis,
897 4301 965 4374 pro
983 4277 1064 4351 data
1081 4278 1284 4371 occasione,
1311 4279 1551 4362 diverfiniode
1579 4290 1697 4392 potest
1716 4290 1762 4365 al·

440 4378 567 4454 cerari.
599 4380 722 4476 Atque
740 4400 808 4476 eqo
827 4374 869 4446 ad
890 4375 1047 4469 primum
1067 4377 1135 4451 hoc
1153 4377 1329 4477 specimen
1356 4380 1448 4455 nihil
1465 4387 1563 4466 aliud
1583 4391 1760 4482 adhibui,

437 4503 544 4579 quam
563 4475 749 4577 vulgarem
766 4470 1028 4561 machinulam,
1043 4498 1120 4570 quae
1138 4479 1181 4550 ad
1191 4481 1348 4555 nandum
1366 4482 1442 4558 usui
1459 4489 1527 4562 else
1545 4489 1657 4565 solet.
1687 4495 1764 4567 Hu-

436 4576 493 4676 jus
510 4575 632 4650 sunem
652 4569 900 4649 circumvolvo
919 4569 1086 4643 trochlear
1096 4575 1189 4664 RR,
1217 4603 1293 4676 que
1311 4583 1370 4655 axi
1389 4588 1449 4659 BB
1469 4585 1629 4665 firmiter
1648 4592 1782 4669 adhs'

435 4700 512 4753 ret:
541 4674 631 4751 adeo
648 4699 688 4747 ut
703 4667 920 4748 circumadla
938 4668 1038 4743 diua
1057 4672 1264 4751 machinula
1291 4703 1391 4773 rota,
1417 4687 1582 4775 trochlea
1594 4694 1762 4768 unicum

1641 4822 1713 4868 axe
