3784 5459
472 299 1143 405 Eiron-oium
1297 284 1404 437 e271
1529 402 1535 408 „
1641 321 1643 325 ’

142 519 241 612 fim,
267 541 329 620 per
345 511 634 627 experimentum
660 510 863 589 institutum
890 539 958 627 ope
977 511 1375 615 clepsydraeicujusdam
1403 519 1462 597 ha.
1479 504 1643 583 AtiAErudss

37 620 41 695 J
141 621 271 698 &enus
289 643 413 719 parum
430 642 473 692 co
499 615 612 707 nita,
637 642 714 719 quae
740 636 861 689 tamen
881 612 950 687 [urs
975 612 1140 691 omnibus
1161 618 1320 691 numeris
1347 622 1462 699 multo

141 720 259 823 magis
276 717 435 794 absoluta
452 642 522 805 ed,
547 742 658 817 quam
675 715 744 790 illae
761 714 959 789 aKirchero
977 716 1130 789 &Scotto
1148 713 1187 789 in
1204 715 1320 792 iucem
1339 721 1461 801 editaez

133 820 350 924 inspiciatur
368 845 456 920 ergo
467 816 571 913 ὗες.
896 852 898 857 ·

191 926 293 1015 ΑΛ,
318 924 404 1009 Bu,
430 916 512 991 sunt
530 917 602 992 duo
619 913 700 990 vasa
717 911 896 990 metallica
913 910 1068 1010 ejusdem
1088 915 1312 1016 capacitatis.

194 1026 293 1113 CC,
319 1017 368 1094 est
396 1017 500 1092 tubus
518 1015 686 1117 utrinque
704 1038 847 1116 apertus
863 1015 905 1090 ad
926 1014 1075 1091 fundum
1101 1016 1248 1095 inferius
1273 1017 1360 1095 vafis
1389 1024 1463 1099 ΑΑ

1481 599 1540 659 An·
1559 599 1645 668 1691.

1482 674 1622 747 M-Majit

1483 910 1644 985 Tnalli

1485 1010 1552 1095 Fig.
1575 1028 1603 1089 ς.

139 1121 259 1198 ferme
324 1119 515 1234 mingens,
542 1139 729 1218 penetrans
746 1142 836 1192 vero
851 1113 1003 1191 fundum
1019 1114 1175 1218 superius
1194 1172 1205 1212 ,
1232 1118 1363 1222 ipfique
1382 1147 1465 1198 exa·
1603 1131 1607 1139 '

140 1223 204 1300 Re
220 1221 264 1297 ad
282 1242 536 1294 errumrnatus.

197 1324 303 1414 DD,
327 1345 389 1394 vas
407 1318 563 1394 vitreum
583 1315 696 1393 fundo
713 1314 887 1418 superiori
906 1315 995 1390 vafis
1017 1319 1092 1392 ΑΑ
1111 1317 1232 1393 exadie
1250 1320 1416 1396 affixum.

194 1425 285 1511 FE,
312 1419 449 1511 tubus,
475 1416 575 1518 cujus
593 1416 774 1491 orificium
802 1416 1008 1516 superiusF
1035 1442 1079 1490 ex
1101 1417 1203 1493 uitro
1229 1423 1309 1496 DD
1337 1448 1467 1520 aquam

142 1518 309 1598 admittit
318 1546 330 1609 3
357 1516 539 1594 orificium
552 1522 642 1593 uero
659 1516 807 1592 iuferius
827 1522 859 1592 E
878 1518 1028 1593 eandem
1054 1543 1182 1618 aquam
1208 1519 1245 1594 in
1267 1546 1327 1599 vas
1345 1524 1406 1595 BB
1434 1548 1468 1596 e·

143 1619 286 1712 mittit,
315 1642 421 1719 prout
440 1645 484 1692 ex
501 1617 615 1720 figura
626 1640 742 1720 patetr
772 1620 847 1693 Vas
864 1640 985 1693 autem
997 1620 1057 1693 BB
1074 1615 1202 1693 iisdem
1211 1621 1372 1719 partibus
1389 1620 1467 1722 qui-

141 1722 209 1798 bus
235 1745 298 1795 vas
315 1724 391 1795 An
417 1718 629 1794 instrudium
646 1717 712 1794 est.
1455 1764 1458 1771 ·

195 1826 285 1898 Haec
303 1818 468 1896 machina
487 1841 527 1894 ut
539 1818 609 1895 rite
626 1817 770 1921 operari
785 1841 916 1923 queat,
942 1818 1047 1919 debet
1063 1819 1279 1897 alterutrum
1296 1846 1378 1912 vas,
1430 1847 1468 1896 u-

141 1944 184 1998 ta
204 1925 301 2017 An,
328 1919 459 2020 repleri
479 1946 589 2035 aqua3
614 1920 771 1996 alterum
788 1947 876 1997 vero
890 1946 971 1996 aere
990 1919 1134 2021 plenum
1155 1921 1329 2035 relinqui:
1359 1847 1466 1996 dedet

141 2022 288 2121 insuper
315 2019 449 2094 includi
472 2021 590 2119 aquua
609 2046 706 2117 aquae
724 2018 908 2115 quantitas
926 2019 965 2087 in
982 2018 1083 2089 vitro
1096 2019 1271 2117 superiori
1288 2023 1390 2092 DD:
1419 2020 1467 2093 sic

142 2119 190 2195 fit
211 2144 252 2193 ut
271 2145 361 2219 aqua
379 2144 424 2190 ex
445 2120 528 2189 DD
550 2140 611 2215 per
629 2117 756 2191 tubum
773 2116 840 2188 FE
869 2111 1001 2187 defluat
1018 2112 1057 2185 in
1074 2118 1135 2189 BB
1154 2168 1166 2205 ,
1201 2115 1321 2215 ibique
1347 2141 1468 2192 aerem

145 2230 320 2321 premat:
350 2241 409 2290 aer
434 2213 495 2288 ille
514 2214 673 2315 preffus,
699 2238 811 2316 quum
837 2211 973 2286 nullam
999 2212 1097 2286 viam
1126 2213 1288 2289 iuveniat
1315 2212 1381 2288 nisi
1406 2239 1470 2315 pet

147 2316 279 2391 tubum
298 2318 389 2407 CC,
414 2313 534 2388 eidem
551 2312 621 2389 vadi
639 2316 700 2388 BB
727 2311 922 2404 insertum,
947 2312 1052 2386 illum
1067 2314 1262 2388 neceffario
1287 2312 1469 2415 subingre-

146 2417 279 2506 ditur,
303 2417 342 2487 ἃ
369 2415 408 2488 in
435 2413 572 2488 vitrum
600 2412 749 2487 inferius
776 2415 859 2487 DD
883 2434 1077 2524 penetrat:
1113 2413 1197 2487 inde
1224 2437 1286 2512 per
1312 2413 1469 2486 aiterum

76 2556 82 2563 ·
147 2514 277 2589 tubum
304 2517 372 2589 FE
398 2511 554 2588 ascendit
580 2511 619 2587 in
639 2538 700 2586 vas
717 2515 815 2602 An,
842 2510 964 2611 ibique
981 2535 1109 2613 aquam
1137 2510 1269 2614 premit
1286 2536 1330 2585 eo
1340 2510 1470 2587 fortius

174 2640 221 2689 uo
239 2611 354 2712 major
370 2612 419 2687 est
436 2612 630 2715 iongitudo
647 2613 819 2711 tuborum
829 2613 918 2702 FE,
946 2613 1032 2685 FE:
1062 2634 1170 2713 atque
1193 2636 1285 2713 aqua
1313 2609 1358 2686 fic
1375 2610 1469 2711 pres·

143 2640 182 2790 da
207 2736 341 2815 magno
369 2714 507 2815 impetu
534 2713 572 2787 in
598 2711 756 2815 superius
781 2710 1012 2786 vitrumDD
1039 2709 1121 2785 salit
1195 2739 1211 2785 r
1236 2709 1364 2785 tubum
1376 2713 1466 2786 CC':

144 2812 427 2921 satquedemper
451 2812 628 2887 sufficitur
655 2838 747 2914 aqua
773 2837 837 2912 per
862 2810 989 2884 tubum
1002 2814 1069 2884 FE
1098 2737 1324 2902 deiiinsura,
1352 2811 1469 2885 donec

145 2910 324 3012 paulatim
349 2927 525 2979 evacuato
551 2910 633 2977 vase
661 2916 759 2995 An,
784 2910 994 3016 repletoque
1018 2907 1200 3000 vaseula,
1226 2908 1361 2983 reddua
1379 2936 1470 3009 aqua

146 3032 215 3111 per
241 3007 369 3081 tubum
396 3004 468 3080 CC
493 3002 533 3079 iu
559 3002 698 3077 vitrum
733 3002 884 3077 inferrus
910 3005 993 3078 DD
1028 3006 1224 3080 necessario
1250 3007 1470 3082 delabatur.

149 3115 231 3198 §am
260 3128 380 3207 patet,
404 3102 505 3204 quod
531 3101 749 3178 invertendo
773 3100 978 3180 machinam
1005 3102 1101 3179 idem
1114 3104 1259 3180 efi'ed‘ttre
1284 3103 1473 3205 suprame-

150 3229 315 3283 moratus
339 3201 714 3293 statimobtinebitur,
741 3201 920 3303 totietque
931 3204 1167 3277 renovabitur
1177 3205 1364 3304 operatio,
1382 3231 1470 3305 quo

146 3306 218 3381 ties
245 3304 410 3379 machina
438 3304 669 3376 inverterat.
696 3302 783 3377 Hac
810 3298 992 3401 clepsydra
1017 3300 1157 3405 aliq'uot
1184 3302 1470 3378 eote'anuosim-

149 3406 264 3478 'trenta
289 3401 360 3475 fuit
387 3404 509 3474 ⁸an
529 3402 573 3471 de
589 3402 739 3473 Comata
765 3399 906 3476 Parisiis
924 3402 1135 3476 Matheseos
1153 3400 1351 3476 Profeffore
1378 3405 1469 3477 cele-

152 3501 250 3591 bri,
283 3497 382 3598 cujus
414 3496 647 3572 mentionem
673 3495 913 3571 honorificam
944 3498 1185 3579 Eruditor'um
1212 3501 1470 3602 Ephemerides

150 3599 304 3679 Gallica
330 3599 406 3699 plus
431 3595 539 3671 strae]
557 3594 740 3687 fecerunt,
766 3596 928 3697 hancque
945 3592 1244 3699 descriptionem,
1258 3600 1332 3675 etsr
1349 3599 1469 3676 forsan

152 3724 230 3778 non
258 3695 401 3803 prorsus
420 3696 487 3772 'hic
512 3696 772 3789 necessariam,
806 3694 944 3771 nemini
969 3694 1093 3773 tamen
1122 3696 1377 3814 displicituram
1395 3700 1470 3802 ipe·

150 3824 223 3893 ro:
250 3801 326 3875 tale
352 3820 472 3873 autem
498 3796 569 3873 fuit
587 3797 897 3913 experimentum,
923 3786 1028 3896 cujus‘
1047 3796 1149 3899 causa
1176 3799 1285 3901 ipsam
1314 3802 1469 3904 protuli.
1536 3850 1538 3856 ·
1634 3852 1638 3857 -

149 3904 277 3994 Quum
295 3898 488 4002 aliquando
503 3896 657 4003 angustat
682 3897 776 3974 tubas
795 3895 970 3994 ejusmodi
990 3898 1192 3974 machinam
1209 3898 1469 4008 instruxissent,

147 4000 291 4076 [adium
306 3998 354 4073 est
371 4022 412 4074 ut
430 3997 539 4076 sanus
565 4020 663 4100 aquae
691 3998 734 4074 ad
752 3998 917 4100 exiguam
936 3998 1129 4074 admodum
1148 4000 1380 4075 altitudinem
1392 4026 1470 4101 per-

146 4103 333 4200 tingeret,
356 4098 491 4199 vixque
508 4096 710 4174 transverso
727 4098 843 4199 digito
860 4096 1093 4212 inpralurnen
1114 4106 1147 4177 C
1165 4101 1356 4175 emicaret:
1376 4097 1465 4214 post:
1483 4086 1554 4171 1³²8·
1576 4105 1642 4151 2¹2·

150 4223 261 4302 quum
288 4221 378 4272 veno
404 4198 552 4271 eandem
579 4192 782 4271 machinam
808 4198 904 4272 tubes
930 4197 1079 4275 instruxi
1097 4197 1378 4304 patentioribus,
1404 4222 1468 4298 qu}

152 4298 266 4372 trium
294 4295 409 4369 ferme
435 4294 611 4369 linearum
634 4293 854 4370 diametrum
880 4296 1084 4388 haberent3
1119 4323 1197 4373 tum
1226 4322 1315 4395 aqua
1342 4294 1468 4371 salient

155 4399 164 4413 '
194 4397 267 4472 sam
292 4393 383 4471 vitri
401 4395 484 4471 DD
510 4392 755 4469 summitatem
780 4420 914 4499 magno
939 4399 1078 4500 impetu
1104 4394 1281 4469 feriebat:
1310 4413 1388 4467 tum
1414 4390 1468 4469 su·

154 4426 312 4613 riicatus
326 4493 428 4587 sum,
455 4494 623 4596 exiguum
645 4491 776 4569 iritum
803 4493 956 4571 intubis
982 4493 1135 4597 angustis
1154 4490 1279 4566 ascribi
1307 4493 1466 4595 politae·

153 4594 331 4696 r1‚cujus
358 4622 397 4671 ea
423 4590 473 4668 est
499 4602 650 4685 natura,
673 4617 716 4668 ut
743 4594 883 4670 nonnifi
908 4620 989 4671 eum
1008 4616 1137 4690 magna
1163 4588 1374 4669 difficultate
1405 4618 1466 4693 per

155 4697 234 4772 vias
261 4693 421 4796 angustas
448 4693 595 4769 trandire
622 4693 755 4794 ponit:
793 4693 930 4769 credidi
957 4689 1199 4789 tamenpoffe
1237 4690 1345 4769 etiam
1371 4717 1468 4794 aquae

1308 4790 1422 4869 adha-

1513 4258 1518 4267 i
