3784 5459
440 204 1097 374 Enuotrouuu.
1261 281 1365 419 379

120 480 229 580 quod
255 480 494 585 relinquerent
514 487 572 574 ,e
588 480 688 582 cujus
705 480 1012 559 observationibus
1027 483 1219 586 praecipuas
1243 486 1442 590 impraesen-

51 663 57 676 Ἴ,
124 581 260 655 riarum
284 580 491 656 reseremus.
609 637 615 646 -
992 643 995 650 .
1034 615 1036 618 ¹

146 725 151 732 -
176 678 289 754 Dixit
304 676 511 756 Ladantius
527 679 587 755 lib.
597 707 631 771 4.
649 677 764 755 Instit.
783 705 858 782 cap.
872 705 928 755 ro.
954 683 1089 771 Judaeos
1104 708 1201 758 anno
1217 684 1452 785 quintodeci-1

125 801 191 851 mo
209 778 350 853 Tiberii
367 778 515 854 Caesaris
542 780 678 854 duobus
697 779 866 858 Geminis
884 782 1099 858 Consulibus
1122 804 1201 855 anre
1227 783 1322 858 diem
1351 786 1444 860 deci·

123 900 228 954 munt
245 877 488 955 Calendarum
506 879 646 978 Aprilis
665 877 849 956 Christum
867 880 965 955 cruci
985 880 1131 956 affixisse
1149 934 1158 955 .
1185 884 1327 958 Contra
1343 881 1383 958 in
1400 873 1453 957 11ss

125 973 192 1049 bro
219 973 262 1050 de
289 977 466 1052 mortibus
493 975 757 1077 persecutorum
785 1004 859 1078 cap.
885 1003 916 1052 2.
943 979 1029 1071 ait,
1062 979 1244 1056 Christum
1272 1006 1292 1055 a
1319 980 1445 1068 Judaeis

128 1071 333 1150 cruciatum
359 1075 418 1150 seu
435 1076 532 1151 truci
552 1072 696 1164 affixum
714 1074 883 1152 extremis
901 1100 974 1152 tem
1026 1078 1121 1154 ribus
1138 1077 1280 1153 Tiberii
1296 1078 1445 1156 Castris

159 1171 197 1260 fl
217 1172 313 1250 diem
331 1174 507 1251 decimum
526 1175 765 1250 Calendarum
784 1175 944 1274 Aprilis,
957 1104 1105 1252 diosus
1122 1177 1289 1252 Geminis
1306 1177 1445 1252 Consu·

1464 484 1626 555 AtlAEmd.

1466 574 1525 632 An.
1541 570 1627 643 1692.

1466 646 1613 721 Ill-Maii.

143 1270 241 1346 bus.
271 1267 360 1348 Duo
376 1272 448 1349 lrtec
475 1274 656 1352 Lassantii
680 1275 760 1347 loca
786 1274 848 1348 srbi
876 1276 1057 1351 contraria
1085 1302 1158 1352 non
1183 1276 1250 1349 esse
1275 1274 1445 1350 statuerat
1474 1335 1478 1344 .

123 1372 316 1465 Baluzius,
342 1386 428 1447 cum
442 1398 487 1447 ear
502 1374 525 1447 l.
539 1371 723 1448 anniculus
743 1398 821 1468 ¹3²·
842 1372 985 1473 Dig.de
1002 1373 1131 1450 veruti
1159 1374 1222 1451 nis.
1241 1374 1340 1450 Pauli
1357 1372 1446 1462 JCti

126 1470 345 1545 ausiotitate
387 1471 506 1547 tobati
524 1471 618 1572 posse
634 1470 821 1563 videatur,
849 1473 994 1571 perinde
1012 1472 1107 1566 esse,
1133 1403 1204 1546 sue
1222 1472 1444 1573 quisdicat,

127 1592 212 1643 ante
234 1569 328 1644 diem
346 1498 525 1644 <setinum
535 1570 799 1660 Calendarum,
826 1568 895 1643 stve
914 1569 990 1670 post
1007 1572 1104 1646 diem
1124 1571 1303 1653 decimum
1312 1572 1444 1645 Calen-

127 1667 273 1743 darum.
301 1670 439 1743 Verum
457 1669 662 1745 Toinatdus
680 1668 814 1744 accedit
832 1667 876 1743 ad
891 1666 1105 1745 sententiam
1128 1672 1270 1744 Hestiai
1285 1669 1415 1756 Naristi
1430 1720 1442 1760 ,

125 1768 189 1867 qui
204 1766 257 1880 ‘in
284 1765 409 1841 illustri
425 1793 533 1868 opere
548 1765 859 1868 Cenotaphiotum
879 1766 1087 1844 Pisanorum
1115 1769 1217 1843 Pauli
1243 1769 1352 1844 verba
1378 1766 1442 1843 ali·
1464 1814 1535 1899 Pag.
1558 1828 1624 1892 195·

127 1889 184 1940 ter
201 1890 456 1967 interpretatus
472 1864 536 1941 est.
566 1869 611 1941 In
628 1890 673 1940 eo
690 1888 811 1940 tamen
822 1864 977 1942 ‚Noriso
995 1893 1070 1941 non
1086 1866 1318 1968 suffragatur,
1344 1865 1442 1968 quod

126 1965 240 2056 dicit,
265 1964 517 2057 Lassantiutn,
540 1990 623 2038 cum
641 1963 882 2065 designaturus
899 1964 984 2038 esset
1001 1988 1141 2064 tempus
1160 1965 1253 2055 diei,
1278 1990 1348 2064 qua
1367 1968 1449 2040 Do-

128 2059 252 2138 minus
268 2063 380 2162 pall'us
397 2062 467 2157 cst,
493 2062 662 2175 videlicet
689 2062 722 2136 d.
738 2060 977 2174 ansb-sartis,
1002 2061 1167 2161 scripsisse
1193 2061 1294 2174 juxta
1320 2061 1452 2174 stylum

133 2160 465 2252 Astronomorum,
489 2188 551 2261 qur
570 2161 664 2236 diem
681 2187 701 2235 a
720 2158 869 2234 mertdte
887 2161 1113 2259 praecedentis
1131 2160 1180 2236 ad
1190 2159 1380 2236 meridiem
1397 2186 1453 2234 tn·

131 2257 316 2360 sequentis
341 2259 413 2333 diti
440 2286 626 2334 numerare
652 2257 817 2348 soleant,
843 2258 934 2333 unde
956 2259 1035 2358 iplis
1060 2259 1134 2335 dies
1153 2284 1208 2353 23.
1220 2258 1352 2335 Martii
1376 2257 1452 2357 post

134 2359 327 2434 meridiem
354 2357 494 2433 dicatur
520 2358 594 2459 poll
620 2357 715 2431 diem
736 2357 915 2432 decimum
940 2359 1117 2434 Calendas
1143 2357 1308 2455 Aprilis.
1342 2357 1450 2431 Nihil

123 2459 234 2532 enim
253 2456 443 2532 Lassantio
470 2459 511 2532 in
526 2455 731 2531 reminirne
748 2453 1001 2532 Allronomica
1025 2483 1107 2532 cum
1126 2454 1354 2531 Astronomis
1369 2454 1452 2529 suis·

134 2558 169 2632 se
191 2556 308 2632 censet
327 2608 339 2648 ,
365 2581 480 2658 neque
499 2555 725 2630 Lassantium
742 2552 880 2654 precise
896 2557 969 2632 diei
987 2579 1146 2654 partem,
1171 2579 1242 2655 qua
1268 2553 1451 2629 Dominus

136 2681 279 2731 crucem
300 2654 437 2747 subiit,
462 2655 519 2730 scd
535 2654 650 2755 ipsum
668 2676 808 2728 tautum
825 2652 919 2728 diem
946 2653 1105 2729 indicare
1122 2653 1290 2730 voluisse.
1317 2651 1450 2766 silanis·

134 2754 261 2829 fimam
283 2779 369 2855 ergo
385 2755 482 2836 viam
498 2754 569 2830 duo
586 2753 647 2826 illa
674 2752 766 2853 apud
783 2752 1010 2828 Lasiaorium
1029 2755 1106 2829 loca
1124 2750 1340 2829 conciliandt
1357 2751 1449 2826 hanc

141 2855 211 2926 csse
229 2852 445 2942 arbitratur,
471 2850 708 2952 fipostetior‚
733 2873 839 2951 quem
866 2851 1092 2926 librariorum
1120 2848 1215 2926 vitio
1240 2874 1470 2952 corruptum·x
1602 2862 1605 2868 '

138 2953 208 3026 esse
236 2970 308 3024 non
327 2949 487 3042 dubitat,
513 2974 556 3024 ex
582 2949 696 3047 priori
713 2947 941 3048 corrigatur.
969 2951 1013 3023 In
1031 2948 1204 3023 Columbi
1230 2950 1274 3023 ad
1299 2950 1452 3023 eundern
1499 3001 1505 3008 -

137 3048 321 3125 Lassantii
339 3051 458 3124 locum
477 3046 784 3123 observationibus
800 3068 924 3137 notat,
950 3072 1033 3122 eum
1050 3049 1158 3123 verba
1177 3046 1300 3122 Marci
1318 3048 1393 3136 IX,
1414 3069 1447 3119 aa

135 3159 207 3236 μεθ’
226 3152 335 3233 iulum
354 3150 389 3230 οἳ
416 3151 599 3249 perperam
624 3146 669 3220 de
683 3144 789 3221 sexto
803 3145 862 3221 die
878 3144 1052 3220 inchoato
1077 3145 1308 3244 interpretari
1326 3195 1339 3235 ,
1364 3169 1448 3217 cum

137 3245 251 3327 Lucas
270 3252 308 3325 in
327 3246 409 3325 loco
427 3247 595 3348 parallelo
620 3246 687 3342 citri
709 3249 818 3329 instar
838 3248 920 3312 satri
938 3268 1123 3336 numeret,
1150 3243 1214 3320 ade
1265 3268 1308 3317 ue
1325 3240 1448 3316 Marci

138 3351 249 3424 verba
264 3345 485 3425 dediesexto
503 3371 584 3419 non.
594 3344 764 3421 inchoato
778 3343 974 3421 sedexatto
989 3343 1199 3444 explicanda
1215 3269 1283 3416 {ape
1301 3341 1447 3416 innuat.

141 3453 188 3524 In
209 3446 284 3548 ipso
300 3445 491 3521 Laslantio
510 3443 787 3534 animadvertit,
860 3445 908 3518 od
924 3444 962 3515 in
981 3440 1252 3541 chronologiam
1270 3466 1344 3515 nou
1359 3439 1448 3514 levi·

142 3570 201 3620 tet
218 3545 429 3647 impegerit,
452 3527 537 3615 ¹curn
554 3539 738 3615 Christum
755 3470 888 3615 tussiat
907 3539 1073 3614 Geminis
1088 3537 1301 3616 Consulibus
1317 3538 1451 3612 crucia·

141 3670 222 3721 tum
242 3644 386 3734 scribit,
410 3665 566 3742 quotum
583 3638 894 3715 consulatusanno
911 3636 1066 3737 vulgaris
1081 3661 1156 3711 aerae
1175 3660 1245 3730 29,
1270 3639 1308 3712 δε
1333 3636 1451 3738 quoad

142 3745 280 3847 priores
298 3741 431 3817 menses
457 3737 564 3840 usque
581 3740 626 3816 ad
646 3736 863 3839 19.Augusti
880 3735 1025 3836 imperii
1033 3734 1222 3810 Tiberiani
1237 3755 1332 3810 anno
1348 3735 1451 3836 quin·

143 3867 184 3917 to
201 3844 237 3918 bt
256 3841 397 3917 decimo
414 3838 627 3939 respondet.
653 3844 748 3914 Cum
768 3836 865 3911 enim
881 3837 994 3911 Lucas
1019 3834 1184 3933 caplll,
1198 3863 1226 3909 1.
1253 3834 1452 3922 lohannem

144 3939 339 4043 Baptistam
359 3938 629 4038 decimoquinto
639 3936 781 4013 Tiberii
799 3960 895 4011 anno
912 3932 1091 4034 publicum
1100 3932 1200 4008 suum
1215 3931 1452 4013 ministerium

145 4042 323 4116 inchoasse
341 4039 456 4129 dicat,
482 4035 702 4112 statuendum
721 4034 857 4123 fuerit,
874 4031 899 4106 fi
916 4031 1095 4107 Laslamii
1114 4032 1267 4108 calculus
1284 4029 1451 4105 admitta-

143 4163 221 4233 tur,
249 4141 351 4213 intra
390 4160 494 4212 aucos
511 4133 644 4209 menses
662 4134 784 4209 omnia
803 4130 981 4232 petasiaa
998 4129 1144 4207 Christo
1161 4127 1289 4222 fuisse,
1315 4152 1390 4237 quat
1408 4124 1452 4236 ψ

141 4239 242 4340 ipsius
262 4163 440 4338 baptismo
466 4233 511 4307 ad
528 4258 681 4334 mortem
704 4231 810 4344 usque'
830 4227 1052 4304 referuntur.
1081 4227 1225 4304 Profert
1242 4225 1313 4336 hap
1331 4250 1368 4296 tn
1381 4249 1452 4321 prr·

50 4377 52 4412 ;
141 4339 207 4412 mis
234 4337 274 4412 in
302 4334 455 4437 gratiam
480 4333 682 4423 Hardnini,
707 4356 771 4431 qut
796 4328 836 4404 in
864 4327 1118 4404 Antirrhetico
1140 4323 1203 4396 suo
1229 4323 1452 4412 arbitratur,

141 4436 326 4513 Christum
345 4432 478 4536 passum
505 4454 602 4506 anno
621 4458 676 4525 29.
693 4454 770 4505 arae
786 4427 963 4528 vulgatis,
990 4451 1071 4500 cum
1082 4428 1203 4498 Patres
1219 4421 1256 4494 id
1272 4419 1334 4494 sub
1353 4423 1452 4494 Con·

50 4579 54 4617 r
141 4537 253 4611 sulatu
277 4535 429 4611 duorum
438 4531 682 4608 Geminorum
697 4527 833 4605 fassum
849 4527 995 4613 dicant,
1021 4525 1234 4620 &praterea
1251 4518 1451 4632 ludaeorum

50 4679 52 4724 ς
145 4636 230 4710 ritus
257 4636 293 4709 &
312 4631 570 4710 Astronomicae
596 4629 722 4706 tabulae
746 4627 786 4704 in
810 4626 914 4702 illum
942 4643 1078 4695 annum
1105 4614 1363 4703 consentiant,
1390 4643 1449 4691 cur

941 4716 1034 4793 Bbb
1075 4737 1105 4830 ¹2
1264 4714 1405 4817 respon·
