<?xml version="1.0" encoding="UTF-8"?>
<!DOCTYPE html PUBLIC "-//W3C//DTD XHTML 1.0 Transitional//EN"
    "http://www.w3.org/TR/xhtml1/DTD/xhtml1-transitional.dtd">
<html xmlns="http://www.w3.org/1999/xhtml" xml:lang="en" lang="en">
 <head>
  <title>
</title>
<meta http-equiv="Content-Type" content="text/html;charset=utf-8" />
  <meta name='ocr-system' content='tesseract 3.04.00' />
  <meta name='ocr-capabilities' content='ocr_page ocr_carea ocr_par ocr_line ocrx_word'/>
</head>
<body>
  <div class='ocr_page' id='page_1' title='image "./opusculaomniaac00unkngoog/opusculaomniaac00unkngoog_0209.png"; bbox 0 0 3784 5459; ppageno 0'>
   <div class='ocr_carea' id='block_1_1' title="bbox 434 259 1358 400">
    <p class='ocr_par' dir='ltr' id='par_1_1' title="bbox 434 259 1358 400">
     <span class='ocr_line' id='line_1_1' title="bbox 434 259 1358 400; baseline -0.001 -34"><span class='ocrx_word' id='word_1_1' title='bbox 434 259 1107 381; x_wconf 71' lang='lat' dir='ltr'>Eauotronust.</span> <span class='ocrx_word' id='word_1_2' title='bbox 1266 289 1358 400; x_wconf 82' lang='lat'>195</span> 
     </span>
    </p>
   </div>
   <div class='ocr_carea' id='block_1_2' title="bbox 39 468 1623 982">
    <p class='ocr_par' dir='ltr' id='par_1_2' title="bbox 39 468 1623 892">
     <span class='ocr_line' id='line_1_2' title="bbox 40 468 1617 581; baseline -0.002 -27"><span class='ocrx_word' id='word_1_3' title='bbox 40 492 49 538; x_wconf 65' lang='lat' dir='ltr'>l</span> <span class='ocrx_word' id='word_1_4' title='bbox 116 501 208 581; x_wconf 79' lang='lat' dir='ltr'>gnus</span> <span class='ocrx_word' id='word_1_5' title='bbox 226 475 288 555; x_wconf 87' lang='lat' dir='ltr'>ille</span> <span class='ocrx_word' id='word_1_6' title='bbox 306 474 403 580; x_wconf 84' lang='lat' dir='ltr'>fiplto</span> <span class='ocrx_word' id='word_1_7' title='bbox 418 476 496 552; x_wconf 81' lang='lat' dir='ltr'>Ka</span> <span class='ocrx_word' id='word_1_8' title='bbox 525 473 580 552; x_wconf 83' lang='lat' dir='ltr'>uis</span> <span class='ocrx_word' id='word_1_9' title='bbox 606 502 716 580; x_wconf 82' lang='lat' dir='ltr'>prope</span> <span class='ocrx_word' id='word_1_10' title='bbox 743 504 766 549; x_wconf 76' lang='lat' dir='ltr'><em>x</em></span> <span class='ocrx_word' id='word_1_11' title='bbox 791 471 1040 552; x_wconf 83' lang='lat' dir='ltr'>deficientibus</span> <span class='ocrx_word' id='word_1_12' title='bbox 1056 473 1168 552; x_wconf 89' lang='lat' dir='ltr'>fluere</span> <span class='ocrx_word' id='word_1_13' title='bbox 1185 476 1346 569; x_wconf 83' lang='lat' dir='ltr'>delictit,</span> <span class='ocrx_word' id='word_1_14' title='bbox 1373 501 1432 552; x_wconf 87' lang='lat' dir='ltr'>eo·</span> <span class='ocrx_word' id='word_1_15' title='bbox 1454 468 1617 540; x_wconf 63' lang='lat' dir='ltr'>fflrurl·</span> 
     </span>
     <span class='ocr_line' id='line_1_3' title="bbox 40 502 1620 692; baseline -0.001 -40"><span class='ocrx_word' id='word_1_16' title='bbox 40 596 51 667; x_wconf 72' lang='lat' dir='ltr'>j:</span> <span class='ocrx_word' id='word_1_17' title='bbox 115 604 186 680; x_wconf 80' lang='lat' dir='ltr'>que</span> <span class='ocrx_word' id='word_1_18' title='bbox 213 580 260 655; x_wconf 88' lang='lat' dir='ltr'>ali</span> <span class='ocrx_word' id='word_1_19' title='bbox 288 576 417 654; x_wconf 85' lang='lat' dir='ltr'>uandiu</span> <span class='ocrx_word' id='word_1_20' title='bbox 445 502 598 652; x_wconf 71' lang='lat' dir='ltr'>celiante</span> <span class='ocrx_word' id='word_1_21' title='bbox 624 576 773 652; x_wconf 85' lang='lat' dir='ltr'>interim</span> <span class='ocrx_word' id='word_1_22' title='bbox 797 576 893 653; x_wconf 80' lang='lat' dir='ltr'>laeua</span> <span class='ocrx_word' id='word_1_23' title='bbox 908 574 1153 651; x_wconf 84' lang='lat' dir='ltr'>Cirknicenfis</span> <span class='ocrx_word' id='word_1_24' title='bbox 1173 578 1275 656; x_wconf 82' lang='lat' dir='ltr'>undae</span> <span class='ocrx_word' id='word_1_25' title='bbox 1299 577 1434 692; x_wconf 80' lang='lat' dir='ltr'>pariter</span> <span class='ocrx_word' id='word_1_26' title='bbox 1455 559 1514 620; x_wconf 59' lang='lat' dir='ltr'>An·</span> <span class='ocrx_word' id='word_1_27' title='bbox 1532 556 1620 631; x_wconf 71' lang='lat'><strong>¹⁶8⁹·</strong></span> 
     </span>
     <span class='ocr_line' id='line_1_4' title="bbox 39 606 1623 795; baseline 0 -42"><span class='ocrx_word' id='word_1_28' title='bbox 39 698 43 740; x_wconf 77' lang='grc' dir='ltr'>ῑ</span> <span class='ocrx_word' id='word_1_29' title='bbox 116 677 239 780; x_wconf 79' lang='lat' dir='ltr'>elapsae</span> <span class='ocrx_word' id='word_1_30' title='bbox 262 606 331 754; x_wconf 71' lang='lat' dir='ltr'>int</span> <span class='ocrx_word' id='word_1_31' title='bbox 358 677 485 754; x_wconf 82' lang='lat' dir='ltr'>fiscum</span> <span class='ocrx_word' id='word_1_32' title='bbox 512 705 557 754; x_wconf 88' lang='lat' dir='ltr'>ue</span> <span class='ocrx_word' id='word_1_33' title='bbox 584 676 799 778; x_wconf 81' lang='lat' dir='ltr'>reliquerint</span> <span class='ocrx_word' id='word_1_34' title='bbox 817 676 988 752; x_wconf 78' lang='lat' dir='ltr'>alveumt</span> <span class='ocrx_word' id='word_1_35' title='bbox 1015 700 1175 752; x_wconf 79' lang='lat' dir='ltr'>attamen</span> <span class='ocrx_word' id='word_1_36' title='bbox 1202 703 1248 752; x_wconf 87' lang='lat' dir='ltr'>ex</span> <span class='ocrx_word' id='word_1_37' title='bbox 1277 677 1434 771; x_wconf 78' lang='lat' dir='ltr'>rivulis·,</span> <span class='ocrx_word' id='word_1_38' title='bbox 1454 636 1500 782; x_wconf 58' lang='lat' dir='ltr'>iii</span> <span class='ocrx_word' id='word_1_39' title='bbox 1516 637 1623 795; x_wconf 39' lang='lat'>¹³22}</span> 
     </span>
     <span class='ocr_line' id='line_1_5' title="bbox 39 704 1518 892; baseline 0 -38"><span class='ocrx_word' id='word_1_40' title='bbox 39 800 43 844; x_wconf 73' lang='grc' dir='ltr'>ἰ</span> <span class='ocrx_word' id='word_1_41' title='bbox 115 778 203 855; x_wconf 83' lang='lat' dir='ltr'>fieta</span> <span class='ocrx_word' id='word_1_42' title='bbox 226 781 338 856; x_wconf 86' lang='lat' dir='ltr'>etiam</span> <span class='ocrx_word' id='word_1_43' title='bbox 365 704 574 882; x_wconf 62' lang='lat' dir='ltr'>tempeiate</span> <span class='ocrx_word' id='word_1_44' title='bbox 601 777 699 851; x_wconf 87' lang='lat' dir='ltr'>intra</span> <span class='ocrx_word' id='word_1_45' title='bbox 725 779 792 849; x_wconf 87' lang='lat' dir='ltr'>BB</span> <span class='ocrx_word' id='word_1_46' title='bbox 817 774 1075 854; x_wconf 87' lang='lat' dir='ltr'>confluentibus</span> <span class='ocrx_word' id='word_1_47' title='bbox 1110 776 1436 892; x_wconf 78' lang='lat' dir='ltr'>hydrophylaciunt</span> <span class='ocrx_word' id='word_1_48' title='bbox 1478 735 1518 802; x_wconf 43' lang='grc' dir='ltr'>ιε</span> 
     </span>
    </p>

    <p class='ocr_par' dir='ltr' id='par_1_3' title="bbox 40 875 1435 982">
     <span class='ocr_line' id='line_1_6' title="bbox 40 875 1435 982; baseline -0.001 -27"><span class='ocrx_word' id='word_1_49' title='bbox 40 902 46 947; x_wconf 74' lang='lat' dir='ltr'>t</span> <span class='ocrx_word' id='word_1_50' title='bbox 114 878 183 955; x_wconf 77' lang='lat' dir='ltr'>hoc</span> <span class='ocrx_word' id='word_1_51' title='bbox 209 879 384 982; x_wconf 86' lang='lat' dir='ltr'>paulatim</span> <span class='ocrx_word' id='word_1_52' title='bbox 410 878 529 953; x_wconf 79' lang='lat' dir='ltr'>rursus</span> <span class='ocrx_word' id='word_1_53' title='bbox 544 875 786 981; x_wconf 87' lang='lat' dir='ltr'>impleturad</span> <span class='ocrx_word' id='word_1_54' title='bbox 812 876 1031 953; x_wconf 78' lang='lat' dir='ltr'>ordinariam</span> <span class='ocrx_word' id='word_1_55' title='bbox 1057 878 1156 954; x_wconf 84' lang='lat' dir='ltr'>suam</span> <span class='ocrx_word' id='word_1_56' title='bbox 1181 875 1435 954; x_wconf 74' lang='lat' dir='ltr'>altitudinem:</span> 
     </span>
    </p>
   </div>
   <div class='ocr_carea' id='block_1_3' title="bbox 40 975 1435 1082">
    <p class='ocr_par' dir='ltr' id='par_1_4' title="bbox 40 975 1435 1082">
     <span class='ocr_line' id='line_1_7' title="bbox 40 975 1435 1082; baseline -0.002 -26"><span class='ocrx_word' id='word_1_57' title='bbox 40 1040 42 1045; x_wconf 86' lang='lat'><em>.</em></span> <span class='ocrx_word' id='word_1_58' title='bbox 116 1005 184 1082; x_wconf 86' lang='lat' dir='ltr'>qua</span> <span class='ocrx_word' id='word_1_59' title='bbox 210 979 297 1056; x_wconf 89' lang='lat' dir='ltr'>dein</span> <span class='ocrx_word' id='word_1_60' title='bbox 327 978 511 1080; x_wconf 76' lang='lat' dir='ltr'>perexilis</span> <span class='ocrx_word' id='word_1_61' title='bbox 538 977 651 1054; x_wconf 78' lang='lat' dir='ltr'>morio</span> <span class='ocrx_word' id='word_1_62' title='bbox 667 975 798 1078; x_wconf 73' lang='lat' dir='ltr'>pluvia</span> <span class='ocrx_word' id='word_1_63' title='bbox 823 975 1075 1078; x_wconf 79' lang='lat' dir='ltr'>superventum</span> <span class='ocrx_word' id='word_1_64' title='bbox 1092 978 1268 1072; x_wconf 58' lang='lat' dir='ltr'>adauae,</span> <span class='ocrx_word' id='word_1_65' title='bbox 1303 979 1435 1081; x_wconf 80' lang='lat' dir='ltr'>absque</span> 
     </span>
    </p>
   </div>
   <div class='ocr_carea' id='block_1_4' title="bbox 115 1078 1437 1257">
    <p class='ocr_par' dir='ltr' id='par_1_5' title="bbox 115 1078 1437 1257">
     <span class='ocr_line' id='line_1_8' title="bbox 115 1078 1437 1257; baseline -0.002 -101"><span class='ocrx_word' id='word_1_66' title='bbox 115 1107 219 1156; x_wconf 81' lang='lat' dir='ltr'>mora</span> <span class='ocrx_word' id='word_1_67' title='bbox 244 1079 409 1181; x_wconf 81' lang='lat' dir='ltr'>lipllones</span> <span class='ocrx_word' id='word_1_68' title='bbox 435 1105 467 1155; x_wconf 83' lang='lat' dir='ltr'>rt.</span> <span class='ocrx_word' id='word_1_69' title='bbox 487 1104 539 1155; x_wconf 84' lang='lat' dir='ltr'>n.</span> <span class='ocrx_word' id='word_1_70' title='bbox 566 1080 601 1152; x_wconf 89' lang='lat'>&amp;</span> <span class='ocrx_word' id='word_1_71' title='bbox 627 1104 660 1151; x_wconf 78' lang='lat' dir='ltr'>a.</span> <span class='ocrx_word' id='word_1_72' title='bbox 682 1103 697 1149; x_wconf 83' lang='lat' dir='ltr'>a</span> <span class='ocrx_word' id='word_1_73' title='bbox 706 1104 739 1173; x_wconf 86' lang='lat'>3.</span> <span class='ocrx_word' id='word_1_74' title='bbox 765 1103 896 1180; x_wconf 86' lang='lat' dir='ltr'>aquam</span> <span class='ocrx_word' id='word_1_75' title='bbox 921 1078 1065 1154; x_wconf 86' lang='lat' dir='ltr'>haurire</span> <span class='ocrx_word' id='word_1_76' title='bbox 1099 1080 1276 1257; x_wconf 48' lang='lat' dir='ltr'>ineffiunt</span> <span class='ocrx_word' id='word_1_77' title='bbox 1303 1106 1343 1155; x_wconf 91' lang='lat' dir='ltr'>ac</span> <span class='ocrx_word' id='word_1_78' title='bbox 1369 1103 1437 1180; x_wconf 85' lang='lat' dir='ltr'>per</span> 
     </span>
    </p>
   </div>
   <div class='ocr_carea' id='block_1_5' title="bbox 38 1178 1549 4289">
    <p class='ocr_par' dir='ltr' id='par_1_6' title="bbox 38 1178 1443 3292">
     <span class='ocr_line' id='line_1_9' title="bbox 114 1178 1435 1279; baseline -0.001 -22"><span class='ocrx_word' id='word_1_79' title='bbox 114 1180 211 1258; x_wconf 69' lang='lat' dir='ltr'>diela</span> <span class='ocrx_word' id='word_1_80' title='bbox 238 1178 439 1275; x_wconf 74' lang='lat' dir='ltr'><strong>foramina,</strong></span> <span class='ocrx_word' id='word_1_81' title='bbox 465 1203 594 1279; x_wconf 87' lang='lat' dir='ltr'>nempe</span> <span class='ocrx_word' id='word_1_82' title='bbox 644 1203 729 1279; x_wconf 80' lang='lat' dir='ltr'>rope</span> <span class='ocrx_word' id='word_1_83' title='bbox 756 1205 788 1251; x_wconf 77' lang='lat' dir='ltr'>n.</span> <span class='ocrx_word' id='word_1_84' title='bbox 805 1188 870 1270; x_wconf 75' lang='lat'>16,</span> <span class='ocrx_word' id='word_1_85' title='bbox 897 1204 951 1271; x_wconf 80' lang='lat' dir='ltr'>m,</span> <span class='ocrx_word' id='word_1_86' title='bbox 978 1184 1026 1271; x_wconf 76' lang='lat' dir='ltr'>k,</span> <span class='ocrx_word' id='word_1_87' title='bbox 1049 1179 1159 1256; x_wconf 84' lang='lat' dir='ltr'>&amp;tre</span> <span class='ocrx_word' id='word_1_88' title='bbox 1181 1204 1296 1256; x_wconf 80' lang='lat' dir='ltr'>neunt</span> <span class='ocrx_word' id='word_1_89' title='bbox 1311 1179 1435 1256; x_wconf 86' lang='lat' dir='ltr'>satco·</span> 
     </span>
     <span class='ocr_line' id='line_1_10' title="bbox 114 1203 1437 1395; baseline 0.002 -41"><span class='ocrx_word' id='word_1_90' title='bbox 114 1280 234 1382; x_wconf 79' lang='lat' dir='ltr'>pinse.</span> <span class='ocrx_word' id='word_1_91' title='bbox 260 1278 370 1373; x_wconf 81' lang='lat' dir='ltr'>Quod</span> <span class='ocrx_word' id='word_1_92' title='bbox 386 1276 501 1380; x_wconf 82' lang='lat' dir='ltr'>ipfum</span> <span class='ocrx_word' id='word_1_93' title='bbox 516 1203 663 1381; x_wconf 72' lang='lat' dir='ltr'>quanio</span> <span class='ocrx_word' id='word_1_94' title='bbox 687 1277 894 1395; x_wconf 75' lang='lat' dir='ltr'>contingit,</span> <span class='ocrx_word' id='word_1_95' title='bbox 916 1279 1049 1353; x_wconf 86' lang='lat' dir='ltr'>accolae</span> <span class='ocrx_word' id='word_1_96' title='bbox 1062 1279 1145 1355; x_wconf 82' lang='lat' dir='ltr'>inde</span> <span class='ocrx_word' id='word_1_97' title='bbox 1162 1280 1351 1384; x_wconf 82' lang='lat' dir='ltr'>augurium</span> <span class='ocrx_word' id='word_1_98' title='bbox 1377 1304 1437 1356; x_wconf 80' lang='lat' dir='ltr'>ea·</span> 
     </span>
     <span class='ocr_line' id='line_1_11' title="bbox 111 1376 1438 1483; baseline -0.002 -26"><span class='ocrx_word' id='word_1_99' title='bbox 111 1380 220 1483; x_wconf 88' lang='lat' dir='ltr'>piunt</span> <span class='ocrx_word' id='word_1_100' title='bbox 244 1377 470 1455; x_wconf 83' lang='lat' dir='ltr'>imminentis</span> <span class='ocrx_word' id='word_1_101' title='bbox 493 1377 587 1455; x_wconf 88' lang='lat' dir='ltr'>lacui</span> <span class='ocrx_word' id='word_1_102' title='bbox 604 1376 671 1453; x_wconf 88' lang='lat' dir='ltr'>suo</span> <span class='ocrx_word' id='word_1_103' title='bbox 686 1377 894 1479; x_wconf 83' lang='lat' dir='ltr'>propedrem</span> <span class='ocrx_word' id='word_1_104' title='bbox 920 1377 1140 1454; x_wconf 85' lang='lat' dir='ltr'>incrementi</span> <span class='ocrx_word' id='word_1_105' title='bbox 1165 1381 1202 1455; x_wconf 75' lang='grc' dir='ltr'>δε</span> <span class='ocrx_word' id='word_1_106' title='bbox 1229 1379 1438 1454; x_wconf 80' lang='lat' dir='ltr'>exundatio·</span> 
     </span>
     <span class='ocr_line' id='line_1_12' title="bbox 113 1474 1436 1582; baseline -0.003 -27"><span class='ocrx_word' id='word_1_107' title='bbox 113 1481 191 1568; x_wconf 67' lang='lat' dir='ltr'>nis,</span> <span class='ocrx_word' id='word_1_108' title='bbox 214 1477 317 1580; x_wconf 82' lang='lat' dir='ltr'>cujus</span> <span class='ocrx_word' id='word_1_109' title='bbox 342 1478 396 1553; x_wconf 89' lang='lat' dir='ltr'>rei</span> <span class='ocrx_word' id='word_1_110' title='bbox 420 1477 546 1572; x_wconf 81' lang='lat' dir='ltr'>causa,</span> <span class='ocrx_word' id='word_1_111' title='bbox 568 1477 648 1580; x_wconf 85' lang='lat' dir='ltr'>ipfis</span> <span class='ocrx_word' id='word_1_112' title='bbox 663 1478 811 1579; x_wconf 74' lang='lat' dir='ltr'>quidem</span> <span class='ocrx_word' id='word_1_113' title='bbox 838 1479 987 1582; x_wconf 83' lang='lat' dir='ltr'>ignota,</span> <span class='ocrx_word' id='word_1_114' title='bbox 1036 1478 1151 1555; x_wconf 82' lang='lat' dir='ltr'>ariter</span> <span class='ocrx_word' id='word_1_115' title='bbox 1177 1477 1323 1555; x_wconf 83' lang='lat' dir='ltr'>evidens</span> <span class='ocrx_word' id='word_1_116' title='bbox 1349 1474 1397 1552; x_wconf 86' lang='lat' dir='ltr'>est</span> <span class='ocrx_word' id='word_1_117' title='bbox 1423 1509 1436 1552; x_wconf 77' lang='lat' dir='ltr'>r</span> 
     </span>
     <span class='ocr_line' id='line_1_13' title="bbox 111 1506 1439 1684; baseline -0.001 -29"><span class='ocrx_word' id='word_1_118' title='bbox 111 1606 196 1655; x_wconf 90' lang='lat' dir='ltr'>nam</span> <span class='ocrx_word' id='word_1_119' title='bbox 221 1578 381 1684; x_wconf 84' lang='lat' dir='ltr'>stagnum</span> <span class='ocrx_word' id='word_1_120' title='bbox 406 1582 473 1653; x_wconf 86' lang='lat' dir='ltr'>BB</span> <span class='ocrx_word' id='word_1_121' title='bbox 499 1579 646 1682; x_wconf 84' lang='lat' dir='ltr'>quando</span> <span class='ocrx_word' id='word_1_122' title='bbox 668 1577 813 1681; x_wconf 82' lang='lat' dir='ltr'>jamjam</span> <span class='ocrx_word' id='word_1_123' title='bbox 840 1578 991 1682; x_wconf 85' lang='lat' dir='ltr'>attingit</span> <span class='ocrx_word' id='word_1_124' title='bbox 1012 1506 1260 1656; x_wconf 68' lang='lat' dir='ltr'>iummitatem</span> <span class='ocrx_word' id='word_1_125' title='bbox 1284 1576 1439 1655; x_wconf 78' lang='lat' dir='ltr'>illoram</span> 
     </span>
     <span class='ocr_line' id='line_1_14' title="bbox 38 1677 1437 1783; baseline 0.001 -28"><span class='ocrx_word' id='word_1_126' title='bbox 38 1744 39 1747; x_wconf 63' lang='lat'>,</span> <span class='ocrx_word' id='word_1_127' title='bbox 112 1678 301 1783; x_wconf 80' lang='lat' dir='ltr'>fiphonum</span> <span class='ocrx_word' id='word_1_128' title='bbox 327 1706 428 1755; x_wconf 69' lang='lat' dir='ltr'>aar.</span> <span class='ocrx_word' id='word_1_129' title='bbox 455 1682 492 1754; x_wconf 87' lang='lat'>&amp;</span> <span class='ocrx_word' id='word_1_130' title='bbox 519 1706 608 1776; x_wconf 87' lang='lat' dir='ltr'>n.13</span> <span class='ocrx_word' id='word_1_131' title='bbox 631 1731 648 1770; x_wconf 82' lang='grc'><em>,</em></span> <span class='ocrx_word' id='word_1_132' title='bbox 668 1706 743 1754; x_wconf 90' lang='lat' dir='ltr'>non</span> <span class='ocrx_word' id='word_1_133' title='bbox 766 1680 822 1756; x_wconf 86' lang='lat' dir='ltr'>ita</span> <span class='ocrx_word' id='word_1_134' title='bbox 839 1681 964 1783; x_wconf 87' lang='lat' dir='ltr'>procul</span> <span class='ocrx_word' id='word_1_135' title='bbox 990 1680 1142 1783; x_wconf 85' lang='lat' dir='ltr'>amplius</span> <span class='ocrx_word' id='word_1_136' title='bbox 1165 1677 1260 1756; x_wconf 90' lang='lat' dir='ltr'>abest</span> <span class='ocrx_word' id='word_1_137' title='bbox 1286 1705 1307 1754; x_wconf 92' lang='lat' dir='ltr'>a</span> <span class='ocrx_word' id='word_1_138' title='bbox 1333 1703 1437 1756; x_wconf 71' lang='lat' dir='ltr'>nrt.</span> 
     </span>
     <span class='ocr_line' id='line_1_15' title="bbox 111 1778 1438 1885; baseline 0 -29"><span class='ocrx_word' id='word_1_139' title='bbox 111 1779 175 1856; x_wconf 75' lang='lat' dir='ltr'>feu</span> <span class='ocrx_word' id='word_1_140' title='bbox 192 1779 329 1858; x_wconf 79' lang='lat' dir='ltr'>vertice</span> <span class='ocrx_word' id='word_1_141' title='bbox 355 1778 511 1883; x_wconf 82' lang='lat' dir='ltr'>fiphonis</span> <span class='ocrx_word' id='word_1_142' title='bbox 536 1778 689 1858; x_wconf 80' lang='lat' dir='ltr'>maximi</span> <span class='ocrx_word' id='word_1_143' title='bbox 706 1781 769 1874; x_wconf 79' lang='lat' dir='ltr'>K,</span> <span class='ocrx_word' id='word_1_144' title='bbox 794 1806 868 1885; x_wconf 88' lang='lat' dir='ltr'>quo</span> <span class='ocrx_word' id='word_1_145' title='bbox 886 1779 1053 1857; x_wconf 82' lang='lat' dir='ltr'>videlicet</span> <span class='ocrx_word' id='word_1_146' title='bbox 1078 1779 1244 1857; x_wconf 75' lang='lat' dir='ltr'>similiter</span> <span class='ocrx_word' id='word_1_147' title='bbox 1255 1780 1356 1884; x_wconf 83' lang='lat' dir='ltr'>aquis</span> <span class='ocrx_word' id='word_1_148' title='bbox 1372 1780 1438 1857; x_wconf 87' lang='lat' dir='ltr'>ob·</span> 
     </span>
     <span class='ocr_line' id='line_1_16' title="bbox 111 1879 1438 1996; baseline -0.001 -41"><span class='ocrx_word' id='word_1_149' title='bbox 111 1879 236 1973; x_wconf 60' lang='lat' dir='ltr'>testo,</span> <span class='ocrx_word' id='word_1_150' title='bbox 260 1883 373 1958; x_wconf 85' lang='lat' dir='ltr'>Lacus</span> <span class='ocrx_word' id='word_1_151' title='bbox 399 1879 587 1983; x_wconf 83' lang='lat' dir='ltr'>oppletio,</span> <span class='ocrx_word' id='word_1_152' title='bbox 609 1907 675 1956; x_wconf 87' lang='lat' dir='ltr'>teu</span> <span class='ocrx_word' id='word_1_153' title='bbox 690 1879 794 1984; x_wconf 85' lang='lat' dir='ltr'>supra</span> <span class='ocrx_word' id='word_1_154' title='bbox 803 1880 967 1974; x_wconf 58' lang='lat' dir='ltr'>dianna,</span> <span class='ocrx_word' id='word_1_155' title='bbox 988 1881 1106 1958; x_wconf 84' lang='lat' dir='ltr'>statim</span> <span class='ocrx_word' id='word_1_156' title='bbox 1115 1880 1294 1996; x_wconf 82' lang='lat' dir='ltr'>sequitur.</span> <span class='ocrx_word' id='word_1_157' title='bbox 1320 1881 1438 1956; x_wconf 86' lang='lat' dir='ltr'>Tam·</span> 
     </span>
     <span class='ocr_line' id='line_1_17' title="bbox 113 1977 1438 2084; baseline -0.002 -28"><span class='ocrx_word' id='word_1_158' title='bbox 113 1979 177 2057; x_wconf 88' lang='lat' dir='ltr'>etfi</span> <span class='ocrx_word' id='word_1_159' title='bbox 192 2007 282 2056; x_wconf 83' lang='lat' dir='ltr'>tero</span> <span class='ocrx_word' id='word_1_160' title='bbox 298 1980 394 2058; x_wconf 87' lang='lat' dir='ltr'>idem</span> <span class='ocrx_word' id='word_1_161' title='bbox 403 2008 573 2084; x_wconf 81' lang='lat' dir='ltr'>queque,</span> <span class='ocrx_word' id='word_1_162' title='bbox 595 1979 695 2079; x_wconf 83' lang='lat' dir='ltr'>quod</span> <span class='ocrx_word' id='word_1_163' title='bbox 710 1982 753 2056; x_wconf 70' lang='lat' dir='ltr'>ne</span> <span class='ocrx_word' id='word_1_164' title='bbox 795 2006 926 2055; x_wconf 79' lang='lat' dir='ltr'>estune</span> <span class='ocrx_word' id='word_1_165' title='bbox 945 1980 1040 2053; x_wconf 86' lang='lat' dir='ltr'>hisce</span> <span class='ocrx_word' id='word_1_166' title='bbox 1050 1980 1286 2054; x_wconf 73' lang='lat' dir='ltr'>foraminibus</span> <span class='ocrx_word' id='word_1_167' title='bbox 1297 1977 1438 2055; x_wconf 71' lang='lat' dir='ltr'>dielttrn</span> 
     </span>
     <span class='ocr_line' id='line_1_18' title="bbox 113 2010 1438 2182; baseline -0.005 -27"><span class='ocrx_word' id='word_1_168' title='bbox 113 2079 190 2174; x_wconf 81' lang='lat' dir='ltr'>est,</span> <span class='ocrx_word' id='word_1_169' title='bbox 214 2082 388 2182; x_wconf 84' lang='lat' dir='ltr'>applicari</span> <span class='ocrx_word' id='word_1_170' title='bbox 405 2082 501 2180; x_wconf 73' lang='lat' dir='ltr'>polle</span> <span class='ocrx_word' id='word_1_171' title='bbox 528 2078 698 2153; x_wconf 79' lang='lat' dir='ltr'>videatur</span> <span class='ocrx_word' id='word_1_172' title='bbox 723 2010 922 2151; x_wconf 63' lang='lat' dir='ltr'>adierobes</span> <span class='ocrx_word' id='word_1_173' title='bbox 938 2079 1192 2166; x_wconf 72' lang='lat' dir='ltr'>Uraf&#39;nas&#39;amma</span> <span class='ocrx_word' id='word_1_174' title='bbox 1220 2077 1438 2151; x_wconf 77' lang='lat' dir='ltr'>&amp;Sekadul-</span> 
     </span>
     <span class='ocr_line' id='line_1_19' title="bbox 113 2172 1441 2349; baseline -0.003 -97"><span class='ocrx_word' id='word_1_175' title='bbox 113 2209 155 2279; x_wconf 51' lang='grc' dir='ltr'>χο</span> <span class='ocrx_word' id='word_1_176' title='bbox 180 2179 241 2255; x_wconf 86' lang='lat' dir='ltr'>seu</span> <span class='ocrx_word' id='word_1_177' title='bbox 257 2200 282 2275; x_wconf 76' lang='lat' dir='ltr'><em>p</em></span> <span class='ocrx_word' id='word_1_178' title='bbox 301 2181 337 2251; x_wconf 79' lang='grc' dir='ltr'>δι</span> <span class='ocrx_word' id='word_1_179' title='bbox 355 2206 402 2275; x_wconf 85' lang='lat' dir='ltr'>q,</span> <span class='ocrx_word' id='word_1_180' title='bbox 419 2201 505 2349; x_wconf 50' lang='lat' dir='ltr'>31ae</span> <span class='ocrx_word' id='word_1_181' title='bbox 520 2198 643 2251; x_wconf 86' lang='lat' dir='ltr'>tamen</span> <span class='ocrx_word' id='word_1_182' title='bbox 662 2173 804 2250; x_wconf 88' lang='lat' dir='ltr'>nonnist</span> <span class='ocrx_word' id='word_1_183' title='bbox 830 2173 906 2275; x_wconf 87' lang='lat' dir='ltr'>post</span> <span class='ocrx_word' id='word_1_184' title='bbox 924 2172 1066 2248; x_wconf 83' lang='lat' dir='ltr'>tonitru</span> <span class='ocrx_word' id='word_1_185' title='bbox 1092 2199 1154 2249; x_wconf 87' lang='lat' dir='ltr'>aut</span> <span class='ocrx_word' id='word_1_186' title='bbox 1170 2173 1360 2252; x_wconf 81' lang='lat' dir='ltr'>fortiorem</span> <span class='ocrx_word' id='word_1_187' title='bbox 1372 2174 1441 2249; x_wconf 90' lang='lat' dir='ltr'>im·</span> 
     </span>
     <span class='ocr_line' id='line_1_20' title="bbox 116 2272 1443 2354; baseline -0.002 0"><span class='ocrx_word' id='word_1_188' title='bbox 116 2281 218 2354; x_wconf 89' lang='lat' dir='ltr'>brem</span> <span class='ocrx_word' id='word_1_189' title='bbox 245 2303 393 2353; x_wconf 87' lang='lat' dir='ltr'>manate</span> <span class='ocrx_word' id='word_1_190' title='bbox 455 2273 686 2352; x_wconf 71' lang='lat' dir='ltr'>letamur:</span> <span class='ocrx_word' id='word_1_191' title='bbox 712 2272 950 2350; x_wconf 83' lang='lat' dir='ltr'>nihilominus</span> <span class='ocrx_word' id='word_1_192' title='bbox 976 2273 1190 2351; x_wconf 83' lang='lat' dir='ltr'>diverfitatis</span> <span class='ocrx_word' id='word_1_193' title='bbox 1212 2274 1307 2352; x_wconf 89' lang='lat' dir='ltr'>ratio</span> <span class='ocrx_word' id='word_1_194' title='bbox 1334 2274 1443 2352; x_wconf 81' lang='lat' dir='ltr'>&amp;hie</span> 
     </span>
     <span class='ocr_line' id='line_1_21' title="bbox 113 2372 1440 2487; baseline -0.002 -34"><span class='ocrx_word' id='word_1_195' title='bbox 113 2377 194 2454; x_wconf 81' lang='lat' dir='ltr'>dari</span> <span class='ocrx_word' id='word_1_196' title='bbox 211 2375 355 2480; x_wconf 81' lang='lat' dir='ltr'>potest:</span> <span class='ocrx_word' id='word_1_197' title='bbox 382 2396 463 2449; x_wconf 83' lang='lat' dir='ltr'>utut</span> <span class='ocrx_word' id='word_1_198' title='bbox 490 2375 589 2449; x_wconf 83' lang='lat' dir='ltr'>enirn</span> <span class='ocrx_word' id='word_1_199' title='bbox 604 2372 709 2487; x_wconf 86' lang='lat' dir='ltr'>fipho</span> <span class='ocrx_word' id='word_1_200' title='bbox 720 2372 801 2474; x_wconf 87' lang='lat' dir='ltr'>ipfis</span> <span class='ocrx_word' id='word_1_201' title='bbox 809 2372 1012 2448; x_wconf 83' lang='lat' dir='ltr'>ministrans</span> <span class='ocrx_word' id='word_1_202' title='bbox 1026 2402 1063 2467; x_wconf 85' lang='lat' dir='ltr'>e,</span> <span class='ocrx_word' id='word_1_203' title='bbox 1089 2374 1314 2466; x_wconf 80' lang='lat' dir='ltr'>(nonmintts</span> <span class='ocrx_word' id='word_1_204' title='bbox 1327 2400 1440 2478; x_wconf 83' lang='lat' dir='ltr'>quant</span> 
     </span>
     <span class='ocr_line' id='line_1_22' title="bbox 111 2470 1439 2577; baseline 0 -26"><span class='ocrx_word' id='word_1_205' title='bbox 111 2503 217 2554; x_wconf 70' lang='lat' dir='ltr'>retr.</span> <span class='ocrx_word' id='word_1_206' title='bbox 231 2477 267 2550; x_wconf 70' lang='grc' dir='ltr'>ἃ</span> <span class='ocrx_word' id='word_1_207' title='bbox 292 2485 383 2573; x_wconf 83' lang='lat'>13,)</span> <span class='ocrx_word' id='word_1_208' title='bbox 406 2473 506 2574; x_wconf 75' lang='lat' dir='ltr'>aquia</span> <span class='ocrx_word' id='word_1_209' title='bbox 529 2473 645 2577; x_wconf 79' lang='lat' dir='ltr'>stagna</span> <span class='ocrx_word' id='word_1_210' title='bbox 662 2476 731 2547; x_wconf 83' lang='lat' dir='ltr'>BR</span> <span class='ocrx_word' id='word_1_211' title='bbox 754 2470 821 2548; x_wconf 83' lang='lat' dir='ltr'>stet</span> <span class='ocrx_word' id='word_1_212' title='bbox 848 2470 1067 2563; x_wconf 69' lang='lat' dir='ltr'>immersusa</span> <span class='ocrx_word' id='word_1_213' title='bbox 1097 2496 1257 2551; x_wconf 75' lang='lat' dir='ltr'>attamen</span> <span class='ocrx_word' id='word_1_214' title='bbox 1283 2501 1366 2551; x_wconf 81' lang='lat' dir='ltr'>eunt</span> <span class='ocrx_word' id='word_1_215' title='bbox 1392 2474 1439 2551; x_wconf 79' lang='lat' dir='ltr'>ad</span> 
     </span>
     <span class='ocr_line' id='line_1_23' title="bbox 111 2572 1440 2677; baseline -0.002 -25"><span class='ocrx_word' id='word_1_216' title='bbox 111 2574 282 2652; x_wconf 85' lang='lat' dir='ltr'>reflexam</span> <span class='ocrx_word' id='word_1_217' title='bbox 309 2573 383 2676; x_wconf 84' lang='lat' dir='ltr'>ejus</span> <span class='ocrx_word' id='word_1_218' title='bbox 409 2573 590 2653; x_wconf 69' lang='lat' dir='ltr'>ceruicem</span> <span class='ocrx_word' id='word_1_219' title='bbox 617 2601 649 2649; x_wconf 78' lang='lat' dir='ltr'>n.</span> <span class='ocrx_word' id='word_1_220' title='bbox 665 2599 718 2666; x_wconf 82' lang='lat'>¹4</span> <span class='ocrx_word' id='word_1_221' title='bbox 746 2597 920 2675; x_wconf 76' lang='lat' dir='ltr'>tanquam</span> <span class='ocrx_word' id='word_1_222' title='bbox 943 2572 1016 2650; x_wconf 87' lang='lat' dir='ltr'>alte</span> <span class='ocrx_word' id='word_1_223' title='bbox 1039 2572 1148 2648; x_wconf 80' lang='lat' dir='ltr'>nimis</span> <span class='ocrx_word' id='word_1_224' title='bbox 1163 2573 1268 2677; x_wconf 85' lang='lat' dir='ltr'>super</span> <span class='ocrx_word' id='word_1_225' title='bbox 1293 2573 1440 2667; x_wconf 79' lang='lat' dir='ltr'>consue·</span> 
     </span>
     <span class='ocr_line' id='line_1_24' title="bbox 113 2671 1441 2778; baseline 0 -28"><span class='ocrx_word' id='word_1_226' title='bbox 113 2702 193 2752; x_wconf 88' lang='lat' dir='ltr'>tum</span> <span class='ocrx_word' id='word_1_227' title='bbox 208 2676 322 2778; x_wconf 73' lang='lat' dir='ltr'>stagni</span> <span class='ocrx_word' id='word_1_228' title='bbox 336 2680 404 2751; x_wconf 87' lang='lat' dir='ltr'>BB</span> <span class='ocrx_word' id='word_1_229' title='bbox 429 2672 661 2755; x_wconf 70' lang='lat' dir='ltr'>horizontem</span> <span class='ocrx_word' id='word_1_230' title='bbox 680 2671 830 2777; x_wconf 82' lang='lat' dir='ltr'>politam</span> <span class='ocrx_word' id='word_1_231' title='bbox 849 2727 864 2768; x_wconf 82' lang='lat'>‚</span> <span class='ocrx_word' id='word_1_232' title='bbox 886 2671 992 2774; x_wconf 83' lang='lat' dir='ltr'>hujus</span> <span class='ocrx_word' id='word_1_233' title='bbox 1018 2674 1119 2752; x_wconf 77' lang='lat' dir='ltr'>unda</span> <span class='ocrx_word' id='word_1_234' title='bbox 1144 2700 1221 2751; x_wconf 86' lang='lat' dir='ltr'>non</span> <span class='ocrx_word' id='word_1_235' title='bbox 1245 2673 1350 2751; x_wconf 85' lang='lat' dir='ltr'>facile</span> <span class='ocrx_word' id='word_1_236' title='bbox 1359 2700 1441 2778; x_wconf 83' lang='lat' dir='ltr'>per·</span> 
     </span>
     <span class='ocr_line' id='line_1_25' title="bbox 112 2772 1438 2880; baseline 0 -29"><span class='ocrx_word' id='word_1_237' title='bbox 112 2777 284 2878; x_wconf 79' lang='lat' dir='ltr'>tingant,</span> <span class='ocrx_word' id='word_1_238' title='bbox 303 2775 439 2879; x_wconf 75' lang='lat' dir='ltr'>nequit</span> <span class='ocrx_word' id='word_1_239' title='bbox 458 2775 519 2851; x_wconf 88' lang='lat' dir='ltr'>ille</span> <span class='ocrx_word' id='word_1_240' title='bbox 545 2800 609 2880; x_wconf 80' lang='lat' dir='ltr'>per</span> <span class='ocrx_word' id='word_1_241' title='bbox 625 2803 658 2849; x_wconf 84' lang='lat' dir='ltr'>n.</span> <span class='ocrx_word' id='word_1_242' title='bbox 673 2798 703 2870; x_wconf 81' lang='lat'>5.</span> <span class='ocrx_word' id='word_1_243' title='bbox 728 2775 922 2877; x_wconf 76' lang='lat' dir='ltr'>quiequam</span> <span class='ocrx_word' id='word_1_244' title='bbox 939 2772 1146 2867; x_wconf 77' lang='lat' dir='ltr'>effundere,</span> <span class='ocrx_word' id='word_1_245' title='bbox 1168 2773 1234 2851; x_wconf 81' lang='lat' dir='ltr'>nist</span> <span class='ocrx_word' id='word_1_246' title='bbox 1249 2774 1438 2880; x_wconf 84' lang='lat' dir='ltr'>postquam</span> 
     </span>
     <span class='ocr_line' id='line_1_26' title="bbox 110 2874 1441 2978; baseline -0.002 -27"><span class='ocrx_word' id='word_1_247' title='bbox 110 2875 241 2978; x_wconf 84' lang='lat' dir='ltr'>stagno</span> <span class='ocrx_word' id='word_1_248' title='bbox 258 2879 289 2955; x_wconf 71' lang='lat' dir='ltr'><em>F</em></span> <span class='ocrx_word' id='word_1_249' title='bbox 314 2901 377 2976; x_wconf 82' lang='lat' dir='ltr'>per</span> <span class='ocrx_word' id='word_1_250' title='bbox 395 2880 440 2968; x_wconf 87' lang='lat' dir='ltr'>V,</span> <span class='ocrx_word' id='word_1_251' title='bbox 468 2879 510 2967; x_wconf 79' lang='lat'>1,</span> <span class='ocrx_word' id='word_1_252' title='bbox 533 2902 572 2952; x_wconf 90' lang='lat' dir='ltr'>ac</span> <span class='ocrx_word' id='word_1_253' title='bbox 590 2882 621 2949; x_wconf 79' lang='grc' dir='ltr'><em>Υ</em></span> <span class='ocrx_word' id='word_1_254' title='bbox 639 2875 740 2977; x_wconf 85' lang='lat' dir='ltr'>aquis</span> <span class='ocrx_word' id='word_1_255' title='bbox 755 2899 933 2967; x_wconf 81' lang='lat' dir='ltr'>onerato,</span> <span class='ocrx_word' id='word_1_256' title='bbox 955 2901 1022 2950; x_wconf 85' lang='lat' dir='ltr'>nec</span> <span class='ocrx_word' id='word_1_257' title='bbox 1038 2874 1082 2950; x_wconf 87' lang='lat' dir='ltr'>iis</span> <span class='ocrx_word' id='word_1_258' title='bbox 1108 2901 1171 2977; x_wconf 87' lang='lat' dir='ltr'>per</span> <span class='ocrx_word' id='word_1_259' title='bbox 1186 2903 1220 2949; x_wconf 81' lang='lat' dir='ltr'>tt.</span> <span class='ocrx_word' id='word_1_260' title='bbox 1230 2903 1263 2969; x_wconf 87' lang='lat'>9.</span> <span class='ocrx_word' id='word_1_261' title='bbox 1280 2876 1362 2951; x_wconf 86' lang='lat'>&amp;8.</span> <span class='ocrx_word' id='word_1_262' title='bbox 1386 2876 1441 2949; x_wconf 84' lang='lat' dir='ltr'>sa·</span> 
     </span>
     <span class='ocr_line' id='line_1_27' title="bbox 112 2966 1442 3079; baseline -0.003 -29"><span class='ocrx_word' id='word_1_263' title='bbox 112 2975 163 3050; x_wconf 84' lang='lat' dir='ltr'>tis</span> <span class='ocrx_word' id='word_1_264' title='bbox 181 2966 328 3050; x_wconf 76' lang='lat' dir='ltr'>effluere</span> <span class='ocrx_word' id='word_1_265' title='bbox 346 2974 568 3069; x_wconf 85' lang='lat' dir='ltr'>valentibus,</span> <span class='ocrx_word' id='word_1_266' title='bbox 594 2974 737 3079; x_wconf 69' lang='lat' dir='ltr'>siphori</span> <span class='ocrx_word' id='word_1_267' title='bbox 752 2974 892 3050; x_wconf 83' lang='lat' dir='ltr'>easdem</span> <span class='ocrx_word' id='word_1_268' title='bbox 909 2973 1192 3050; x_wconf 81' lang='lat' dir='ltr'>transfundatin</span> <span class='ocrx_word' id='word_1_269' title='bbox 1205 2972 1442 3075; x_wconf 69' lang='lat' dir='ltr'>saphonem,</span> 
     </span>
     <span class='ocr_line' id='line_1_28' title="bbox 112 3073 1441 3178; baseline -0.002 -27"><span class='ocrx_word' id='word_1_270' title='bbox 112 3102 188 3178; x_wconf 83' lang='lat' dir='ltr'>quo</span> <span class='ocrx_word' id='word_1_271' title='bbox 204 3074 262 3151; x_wconf 76' lang='lat' dir='ltr'>laic</span> <span class='ocrx_word' id='word_1_272' title='bbox 280 3077 427 3154; x_wconf 86' lang='lat' dir='ltr'>tandem</span> <span class='ocrx_word' id='word_1_273' title='bbox 444 3078 634 3178; x_wconf 72' lang='lat' dir='ltr'>oppletus,</span> <span class='ocrx_word' id='word_1_274' title='bbox 655 3074 763 3151; x_wconf 77' lang='lat' dir='ltr'>liniti</span> <span class='ocrx_word' id='word_1_275' title='bbox 780 3075 895 3152; x_wconf 87' lang='lat' dir='ltr'>modo</span> <span class='ocrx_word' id='word_1_276' title='bbox 911 3075 1043 3152; x_wconf 82' lang='lat' dir='ltr'>unda-m</span> <span class='ocrx_word' id='word_1_277' title='bbox 1062 3102 1126 3178; x_wconf 86' lang='lat' dir='ltr'>per</span> <span class='ocrx_word' id='word_1_278' title='bbox 1143 3103 1176 3151; x_wconf 78' lang='lat' dir='ltr'>n.</span> <span class='ocrx_word' id='word_1_279' title='bbox 1188 3084 1222 3150; x_wconf 73' lang='lat' dir='ltr'>o.</span> <span class='ocrx_word' id='word_1_280' title='bbox 1239 3073 1441 3168; x_wconf 76' lang='lat' dir='ltr'>attollere,</span> 
     </span>
     <span class='ocr_line' id='line_1_29' title="bbox 105 3171 1337 3292; baseline -0.002 -42"><span class='ocrx_word' id='word_1_281' title='bbox 105 3175 207 3269; x_wconf 81' lang='lat' dir='ltr'>acin</span> <span class='ocrx_word' id='word_1_282' title='bbox 224 3174 386 3292; x_wconf 73' lang='lat' dir='ltr'>stagnum</span> <span class='ocrx_word' id='word_1_283' title='bbox 402 3182 435 3251; x_wconf 79' lang='grc' dir='ltr'><strong><em>Ε</em></strong></span> <span class='ocrx_word' id='word_1_284' title='bbox 451 3177 697 3252; x_wconf 83' lang='lat' dir='ltr'>transmittere</span> <span class='ocrx_word' id='word_1_285' title='bbox 713 3174 825 3251; x_wconf 84' lang='lat' dir='ltr'>modo</span> <span class='ocrx_word' id='word_1_286' title='bbox 840 3172 999 3275; x_wconf 83' lang='lat' dir='ltr'>superius</span> <span class='ocrx_word' id='word_1_287' title='bbox 1015 3174 1196 3276; x_wconf 79' lang='lat' dir='ltr'>explicato</span> <span class='ocrx_word' id='word_1_288' title='bbox 1210 3171 1337 3276; x_wconf 74' lang='lat' dir='ltr'>polilt.</span> 
     </span>
    </p>

    <p class='ocr_par' dir='ltr' id='par_1_7' title="bbox 110 3270 1549 4289">
     <span class='ocr_line' id='line_1_30' title="bbox 165 3270 1441 3380; baseline -0.002 -29"><span class='ocrx_word' id='word_1_289' title='bbox 165 3280 252 3352; x_wconf 73' lang='lat' dir='ltr'>Hac</span> <span class='ocrx_word' id='word_1_290' title='bbox 280 3301 400 3380; x_wconf 86' lang='lat' dir='ltr'>traque</span> <span class='ocrx_word' id='word_1_291' title='bbox 416 3277 496 3353; x_wconf 88' lang='lat' dir='ltr'>lunt</span> <span class='ocrx_word' id='word_1_292' title='bbox 513 3274 725 3353; x_wconf 78' lang='lat' dir='ltr'>Perillullris</span> <span class='ocrx_word' id='word_1_293' title='bbox 750 3273 861 3351; x_wconf 83' lang='lat' dir='ltr'>nostri</span> <span class='ocrx_word' id='word_1_294' title='bbox 877 3275 1051 3355; x_wconf 64' lang='lat' dir='ltr'>Austoris</span> <span class='ocrx_word' id='word_1_295' title='bbox 1066 3273 1161 3350; x_wconf 87' lang='lat' dir='ltr'>cirta</span> <span class='ocrx_word' id='word_1_296' title='bbox 1177 3277 1315 3351; x_wconf 83' lang='lat' dir='ltr'>Lacum</span> <span class='ocrx_word' id='word_1_297' title='bbox 1339 3270 1441 3350; x_wconf 82' lang='lat' dir='ltr'>hunc</span> 
     </span>
     <span class='ocr_line' id='line_1_31' title="bbox 110 3372 1438 3478; baseline -0.002 -26"><span class='ocrx_word' id='word_1_298' title='bbox 110 3374 385 3452; x_wconf 81' lang='lat' dir='ltr'>{amofiffimu-rn</span> <span class='ocrx_word' id='word_1_299' title='bbox 401 3378 651 3452; x_wconf 80' lang='lat' dir='ltr'>meletemata:</span> <span class='ocrx_word' id='word_1_300' title='bbox 665 3400 746 3478; x_wconf 70' lang='lat' dir='ltr'>qua</span> <span class='ocrx_word' id='word_1_301' title='bbox 760 3373 785 3450; x_wconf 85' lang='lat' dir='ltr'>fi</span> <span class='ocrx_word' id='word_1_302' title='bbox 800 3375 863 3451; x_wconf 86' lang='lat' dir='ltr'>eui</span> <span class='ocrx_word' id='word_1_303' title='bbox 878 3372 1022 3452; x_wconf 77' lang='lat' dir='ltr'>fortean</span> <span class='ocrx_word' id='word_1_304' title='bbox 1040 3373 1164 3460; x_wconf 77' lang='lat' dir='ltr'>nimiis</span> <span class='ocrx_word' id='word_1_305' title='bbox 1179 3372 1344 3453; x_wconf 86' lang='lat' dir='ltr'>incedere</span> <span class='ocrx_word' id='word_1_306' title='bbox 1361 3399 1438 3451; x_wconf 86' lang='lat' dir='ltr'>am-</span> 
     </span>
     <span class='ocr_line' id='line_1_32' title="bbox 113 3472 1439 3579; baseline -0.001 -28"><span class='ocrx_word' id='word_1_307' title='bbox 113 3472 267 3576; x_wconf 85' lang='lat' dir='ltr'>bagibus</span> <span class='ocrx_word' id='word_1_308' title='bbox 284 3474 500 3566; x_wconf 83' lang='lat' dir='ltr'>videantur,</span> <span class='ocrx_word' id='word_1_309' title='bbox 522 3475 720 3573; x_wconf 81' lang='lat' dir='ltr'>perieulum</span> <span class='ocrx_word' id='word_1_310' title='bbox 738 3474 769 3547; x_wconf 87' lang='lat' dir='ltr'>is</span> <span class='ocrx_word' id='word_1_311' title='bbox 784 3472 914 3566; x_wconf 82' lang='lat' dir='ltr'>faeiat,</span> <span class='ocrx_word' id='word_1_312' title='bbox 937 3501 1025 3551; x_wconf 84' lang='lat' dir='ltr'>num</span> <span class='ocrx_word' id='word_1_313' title='bbox 1035 3473 1172 3549; x_wconf 86' lang='lat' dir='ltr'>minori</span> <span class='ocrx_word' id='word_1_314' title='bbox 1190 3496 1362 3579; x_wconf 76' lang='lat' dir='ltr'>apparatu</span> <span class='ocrx_word' id='word_1_315' title='bbox 1378 3498 1439 3550; x_wconf 89' lang='lat' dir='ltr'>tot</span> 
     </span>
     <span class='ocr_line' id='line_1_33' title="bbox 115 3569 1443 3680; baseline 0 -29"><span class='ocrx_word' id='word_1_316' title='bbox 115 3599 271 3676; x_wconf 84' lang='lat' dir='ltr'>tamque</span> <span class='ocrx_word' id='word_1_317' title='bbox 292 3572 479 3675; x_wconf 88' lang='lat' dir='ltr'>implicata</span> <span class='ocrx_word' id='word_1_318' title='bbox 505 3575 541 3648; x_wconf 87' lang='lat'>&amp;</span> <span class='ocrx_word' id='word_1_319' title='bbox 569 3569 830 3648; x_wconf 83' lang='lat' dir='ltr'>contrariantia</span> <span class='ocrx_word' id='word_1_320' title='bbox 847 3573 994 3649; x_wconf 79' lang='lat' dir='ltr'>interle</span> <span class='ocrx_word' id='word_1_321' title='bbox 1018 3574 1249 3677; x_wconf 83' lang='lat' dir='ltr'>planomena</span> <span class='ocrx_word' id='word_1_322' title='bbox 1271 3575 1443 3680; x_wconf 78' lang='lat' dir='ltr'>expedire</span> 
     </span>
     <span class='ocr_line' id='line_1_34' title="bbox 117 3671 1549 3782; baseline 0.001 -30"><span class='ocrx_word' id='word_1_323' title='bbox 117 3699 227 3777; x_wconf 88' lang='lat' dir='ltr'>atque</span> <span class='ocrx_word' id='word_1_324' title='bbox 246 3673 488 3750; x_wconf 84' lang='lat' dir='ltr'>demonstrare</span> <span class='ocrx_word' id='word_1_325' title='bbox 505 3675 644 3750; x_wconf 83' lang='lat' dir='ltr'>valeat:</span> <span class='ocrx_word' id='word_1_326' title='bbox 672 3671 843 3748; x_wconf 73' lang='lat' dir='ltr'>hailenus</span> <span class='ocrx_word' id='word_1_327' title='bbox 859 3697 956 3750; x_wconf 89' lang='lat' dir='ltr'>eerte</span> <span class='ocrx_word' id='word_1_328' title='bbox 974 3700 1085 3752; x_wconf 87' lang='lat' dir='ltr'>nemo</span> <span class='ocrx_word' id='word_1_329' title='bbox 1101 3673 1257 3771; x_wconf 81' lang='lat' dir='ltr'>extitit,</span> <span class='ocrx_word' id='word_1_330' title='bbox 1279 3677 1345 3782; x_wconf 90' lang='lat' dir='ltr'>qui</span> <span class='ocrx_word' id='word_1_331' title='bbox 1367 3676 1442 3753; x_wconf 83' lang='lat' dir='ltr'>hoe</span> <span class='ocrx_word' id='word_1_332' title='bbox 1546 3704 1549 3709; x_wconf 83' lang='lat'><strong>·</strong></span> 
     </span>
     <span class='ocr_line' id='line_1_35' title="bbox 118 3772 1440 3876; baseline 0.002 -25"><span class='ocrx_word' id='word_1_333' title='bbox 118 3776 213 3851; x_wconf 85' lang='lat' dir='ltr'>ritca</span> <span class='ocrx_word' id='word_1_334' title='bbox 240 3774 429 3876; x_wconf 80' lang='lat' dir='ltr'>negotium</span> <span class='ocrx_word' id='word_1_335' title='bbox 457 3797 517 3851; x_wconf 84' lang='lat' dir='ltr'>ant</span> <span class='ocrx_word' id='word_1_336' title='bbox 533 3773 702 3850; x_wconf 81' lang='lat' dir='ltr'>indeftffa</span> <span class='ocrx_word' id='word_1_337' title='bbox 725 3772 1008 3856; x_wconf 80' lang='lat' dir='ltr'>inobservandis</span> <span class='ocrx_word' id='word_1_338' title='bbox 1033 3775 1309 3854; x_wconf 76' lang='lat' dir='ltr'>circumstantiis</span> <span class='ocrx_word' id='word_1_339' title='bbox 1335 3777 1440 3855; x_wconf 89' lang='lat' dir='ltr'>indu·</span> 
     </span>
     <span class='ocr_line' id='line_1_36' title="bbox 118 3872 1441 3983; baseline 0.004 -34"><span class='ocrx_word' id='word_1_340' title='bbox 118 3874 236 3966; x_wconf 72' lang='lat' dir='ltr'>stria,</span> <span class='ocrx_word' id='word_1_341' title='bbox 256 3899 317 3951; x_wconf 90' lang='lat' dir='ltr'>aut</span> <span class='ocrx_word' id='word_1_342' title='bbox 335 3873 618 3977; x_wconf 74' lang='lat' dir='ltr'>speculationum</span> <span class='ocrx_word' id='word_1_343' title='bbox 643 3872 744 3951; x_wconf 89' lang='lat' dir='ltr'>iniis</span> <span class='ocrx_word' id='word_1_344' title='bbox 769 3902 814 3952; x_wconf 77' lang='lat' dir='ltr'>ex</span> <span class='ocrx_word' id='word_1_345' title='bbox 839 3877 990 3955; x_wconf 89' lang='lat' dir='ltr'>onendis</span> <span class='ocrx_word' id='word_1_346' title='bbox 1013 3877 1228 3974; x_wconf 76' lang='lat' dir='ltr'>evidentia,</span> <span class='ocrx_word' id='word_1_347' title='bbox 1249 3876 1314 3983; x_wconf 71' lang='lat' dir='ltr'>ipfi</span> <span class='ocrx_word' id='word_1_348' title='bbox 1339 3879 1441 3981; x_wconf 85' lang='lat' dir='ltr'>paria</span> 
     </span>
     <span class='ocr_line' id='line_1_37' title="bbox 116 3903 1441 4058; baseline 0 -9"><span class='ocrx_word' id='word_1_349' title='bbox 116 3974 265 4051; x_wconf 85' lang='lat' dir='ltr'>lecerit.</span> <span class='ocrx_word' id='word_1_350' title='bbox 291 3977 373 4055; x_wconf 85' lang='lat' dir='ltr'>Nos</span> <span class='ocrx_word' id='word_1_351' title='bbox 388 4003 477 4056; x_wconf 88' lang='lat' dir='ltr'>vero</span> <span class='ocrx_word' id='word_1_352' title='bbox 518 3977 668 4054; x_wconf 85' lang='lat' dir='ltr'>rolixins</span> <span class='ocrx_word' id='word_1_353' title='bbox 719 3903 890 4056; x_wconf 73' lang='lat' dir='ltr'>soluier</span> <span class='ocrx_word' id='word_1_354' title='bbox 906 3979 1089 4057; x_wconf 75' lang='lat' dir='ltr'>recensere</span> <span class='ocrx_word' id='word_1_355' title='bbox 1114 3978 1153 4058; x_wconf 82' lang='lat' dir='ltr'>in</span> <span class='ocrx_word' id='word_1_356' title='bbox 1170 4000 1382 4056; x_wconf 77' lang='lat' dir='ltr'>exteret-um</span> <span class='ocrx_word' id='word_1_357' title='bbox 1398 3978 1441 4050; x_wconf 87' lang='lat' dir='ltr'>in</span> 
     </span>
     <span class='ocr_line' id='line_1_38' title="bbox 113 3994 1443 4184; baseline 0.001 -36"><span class='ocrx_word' id='word_1_358' title='bbox 113 4073 245 4177; x_wconf 78' lang='lat' dir='ltr'>primis</span> <span class='ocrx_word' id='word_1_359' title='bbox 272 4076 425 4175; x_wconf 85' lang='lat' dir='ltr'>gratiam</span> <span class='ocrx_word' id='word_1_360' title='bbox 444 4004 649 4172; x_wconf 78' lang='lat' dir='ltr'>voiuinrus,</span> <span class='ocrx_word' id='word_1_361' title='bbox 675 3994 1107 4176; x_wconf 74' lang='lat' dir='ltr'>iiionarisGernanici‚</span> <span class='ocrx_word' id='word_1_362' title='bbox 1127 4106 1203 4184; x_wconf 86' lang='lat' dir='ltr'>quo</span> <span class='ocrx_word' id='word_1_363' title='bbox 1211 4074 1443 4155; x_wconf 84' lang='lat' dir='ltr'>Valvasoria-</span> 
     </span>
     <span class='ocr_line' id='line_1_39' title="bbox 118 4171 1393 4289; baseline 0.003 -39"><span class='ocrx_word' id='word_1_364' title='bbox 118 4198 213 4250; x_wconf 85' lang='lat' dir='ltr'>num</span> <span class='ocrx_word' id='word_1_365' title='bbox 228 4171 298 4252; x_wconf 84' lang='lat' dir='ltr'>hoe</span> <span class='ocrx_word' id='word_1_366' title='bbox 318 4198 408 4278; x_wconf 79' lang='lat' dir='ltr'>opus</span> <span class='ocrx_word' id='word_1_367' title='bbox 433 4177 673 4283; x_wconf 83' lang='lat' dir='ltr'>conscriptum</span> <span class='ocrx_word' id='word_1_368' title='bbox 691 4176 774 4276; x_wconf 79' lang='lat' dir='ltr'>est,</span> <span class='ocrx_word' id='word_1_369' title='bbox 794 4206 918 4285; x_wconf 86' lang='lat' dir='ltr'>parurn</span> <span class='ocrx_word' id='word_1_370' title='bbox 934 4181 1145 4289; x_wconf 79' lang='lat' dir='ltr'>plerumque</span> <span class='ocrx_word' id='word_1_371' title='bbox 1162 4199 1393 4286; x_wconf 70' lang='lat' dir='ltr'>guatenaas·</span> 
     </span>
    </p>
   </div>
   <div class='ocr_carea' id='block_1_6' title="bbox 0 0 1903 5459">
    <p class='ocr_par' dir='ltr' id='par_1_8' title="bbox 0 0 1903 5459">
     <span class='ocr_line' id='line_1_40' title="bbox 0 0 1903 5459; baseline 0 0"><span class='ocrx_word' id='word_1_372' title='bbox 0 0 1903 5459; x_wconf 95' lang='lat' dir='ltr'> </span> 
     </span>
    </p>
   </div>
  </div>
 </body>
</html>
