3784 5459
237 543 404 613 Amnius.

237 630 300 691 An.
316 623 403 700 1689.

239 705 289 771 M.
303 703 378 778 Iulii
393 744 402 765 .

239 784 312 869 Pag.
332 784 401 868 387.

481 332 602 455 ,A
770 268 1267 416 AATA

422 533 572 610 duarum
596 527 877 632 potentiarum,
911 525 998 601 huic
1023 521 1168 625 corpori
1195 518 1453 623 applicatarum
1479 519 1674 603 secundum
1704 524 1749 604 li·

424 659 507 711 neas
533 634 604 711 AC
631 632 668 706 δι
685 635 783 722 AD,
807 627 990 730 completo
1016 623 1350 726 parallelogrammo
1376 623 1475 714 CD,
1500 620 1601 722 cujus
1619 629 1688 702 AB
1705 628 1748 705 sit

423 731 655 823 diaconalis,
690 729 839 806 ulterius
864 725 1090 829 reperietur,
1121 721 1220 824 quod
1248 720 1410 823 potentia
1435 721 1582 824 sequens
1607 724 1748 804 lineam

421 796 506 913 ACD
524 832 564 911 lit
592 831 636 909 ad
651 830 771 921 illam,
795 856 872 931 qua
888 825 1047 930 sequitur
1072 824 1206 938 lineam
1225 827 1325 915 AD,
1351 846 1391 897 ut
1416 826 1489 898 AC
1517 822 1560 899 ad
1578 827 1682 918 AD,
1709 829 1747 905 u

422 933 520 1038 quod
545 932 620 1009 dua
648 931 714 1007 illa
742 928 912 1031 potentia
938 926 1006 1002 sint
1032 923 1076 1001 ad
1101 921 1367 1025 Ampreffionem
1381 923 1532 999 totalem
1561 948 1601 998 ut
1616 931 1694 1001 AC
1711 930 1749 1003 δι

423 1037 504 1113 AD
532 1032 576 1109 ad
603 1029 845 1134 Diagonalem
872 1032 968 1107 AB.
1001 1024 1139 1100 Eadem
1174 1022 1346 1114 ratione,
1380 1019 1406 1096 fi
1428 1023 1613 1124 impressio
1638 1022 1745 1123 juxta

422 1135 556 1209 lineam
589 1136 654 1207 AB
681 1130 848 1231 procedat
873 1153 920 1203 ex
944 1122 1116 1201 concursu
1141 1120 1296 1196 abilonis
1321 1122 1473 1199 duarum
1493 1122 1740 1223 potentiarum

423 1231 682 1333 applicatarum
701 1229 783 1305 huic
801 1227 945 1327 corpori
960 1222 1152 1299 secundum
1167 1220 1278 1297 lineas
1296 1225 1381 1296 AM
1399 1224 1434 1295 δι
1450 1225 1548 1311 AN,
1574 1221 1739 1305 liitidem

424 1331 799 1434 parallelogrammum
824 1329 911 1403 MN
929 1322 1183 1426 compleatur,
1209 1318 1336 1395 codem
1360 1320 1471 1395 modo
1499 1321 1740 1419 invenietur,

425 1431 523 1530 quod
542 1429 710 1531 potentia
736 1431 772 1502 bt
788 1424 997 1527 impreffio,
1023 1448 1100 1521 qua
1116 1419 1158 1494 fit
1177 1418 1278 1518 juxta
1297 1423 1365 1496 AB
1383 1473 1395 1509 ,
1421 1417 1487 1495 sint
1514 1420 1612 1496 inter
1638 1422 1677 1498 se
1701 1450 1743 1504 ut

423 1530 526 1606 linea
544 1533 657 1620 AM,
685 1530 783 1619 AN,
810 1528 846 1600 &
862 1528 951 1599 ΑΒ.
976 1528 1100 1622 Atque
1118 1545 1192 1595 non
1208 1518 1304 1594 secus
1319 1517 1548 1618 judicandum
1566 1521 1610 1599 de
1621 1525 1741 1599 omni-

426 1629 491 1707 bus
509 1628 681 1730 potentiis
706 1622 1013 1728 imaginabilibus,
1041 1647 1117 1722 qua
1134 1618 1337 1720 conspirare
1386 1620 1504 1694 offunt
1531 1618 1570 1695 in
1596 1620 1767 1722 impres

427 1714 585 1819 sionem,
609 1752 686 1829 qua
702 1723 745 1800 fit
762 1725 862 1824 juxta
888 1723 1021 1796 lineam
1041 1722 1129 1811 AB,
1156 1742 1217 1833 aut
1235 1644 1462 1832 generaiius,
1489 1718 1528 1795 in
1545 1719 1745 1825 impressio-

425 1851 511 1903 nem
528 1827 678 1903 totalem
696 1849 759 1900 cor
784 1824 879 1916 oris,
903 1821 1141 1923 quodcunque
1154 1841 1265 1894 etiam
1281 1816 1408 1894 suerit.

432 1988 436 1995 .
476 1930 528 1999 Αι
555 1925 677 2001 ιιε·ὶιι
694 1851 837 2000 Auslor
864 1946 968 1995 nora
985 1918 1205 1995 Mechanicae
1232 1941 1395 1993 naturam
1411 1915 1592 2020 sequitur,
1618 1924 1745 2003 omnia

425 1951 621 2124 aquiliirria
647 2022 691 2097 ars
717 2020 1010 2120 simplicissimum
1037 2018 1233 2109 reducens,
1267 2017 1337 2092 hoc
1362 2016 1411 2092 ess
1438 2018 1482 2093 ad
1504 2021 1743 2122 aequilibrium

396 2152 398 2155 ·
424 2121 608 2222 corporis,
633 2118 729 2221 quod
748 2119 794 2195 ab
808 2116 914 2230 unica
932 2117 1094 2218 potentia
1112 2115 1287 2231 premitur
1304 2140 1430 2191 contra
1446 2117 1667 2198 obstaculum
1684 2123 1740 2201 in-

425 2219 620 2310 vincibile,
645 2217 800 2320 exempli
817 2239 955 2318 grana,
982 2214 1148 2317 ponderis
1163 2214 1265 2317 super
1293 2215 1399 2315 plano
1417 2219 1680 2316 Horizontali,
1706 2226 1742 2303 δι

427 2318 556 2394 deinde
583 2319 762 2416 aperiens,
789 2342 857 2414 ope
867 2314 1344 2416 motuumcomposrtorum,
1370 2319 1559 2418 quomodo
1585 2347 1745 2416 natura,

428 2442 512 2492 cum
538 2416 606 2488 hoc
622 2413 861 2514 aequilibrium
886 2411 934 2486 esl
953 2414 1048 2486 inter
1074 2415 1191 2514 plures
1218 2416 1417 2516 potentias,
1442 2419 1545 2495 uniat
1562 2448 1693 2500 omnes
1710 2424 1750 2497 il·

421 2516 544 2598 larum
573 2512 818 2614 impressiones
843 2510 1075 2613 particulares
1099 2511 1136 2587 in
1156 2538 1287 2606 unam,
1310 2541 1386 2616 qua
1413 2538 1492 2594 tota
1518 2521 1595 2622 agit
1624 2522 1665 2599 in
1686 2521 1751 2618 hy·

429 2612 669 2731 pomochlion
695 2610 884 2712 corporis,
907 2609 971 2685 cui
997 2610 1180 2713 applicata
1204 2611 1314 2705 sunt,
1340 2641 1414 2691 non
1439 2616 1536 2691 secus
1558 2647 1601 2695 ac
1627 2619 1751 2697 srhaec

427 2711 613 2813 Ampreffio
635 2709 829 2815 composita
854 2711 940 2784 effer
965 2709 1079 2786 solum
1104 2709 1252 2788 effenus
1285 2714 1388 2790 unius
1412 2715 1605 2816 potentia.
1645 2719 1750 2795 Hinc

428 2834 596 2911 apparet,
622 2834 797 2913 quantum
814 2809 1086 2887 Ducanefiua
1110 2810 1241 2913 aliique
1268 2813 1395 2891 abeant
1420 2815 1461 2893 ab
1488 2817 1749 2895 uniformitate

429 2913 466 2984 δι
485 2909 709 3012 simplicitate
734 2908 907 3002 viarum,
931 2909 1059 3012 quibus
1085 2934 1212 2987 natura
1235 2912 1290 2987 uti
1307 2912 1427 3004 solet,
1452 2915 1602 3015 quando
1624 2942 1752 3020 praeter

426 3008 529 3097 illam
555 3007 745 3111 aquilibrii
761 3008 944 3110 speciem
969 3035 1076 3180 ‹puam
1095 3036 1224 3112 negare
1250 3037 1325 3091 non
1341 3013 1482 3113 possunt
1508 3015 1608 3101 inter
1634 3044 1748 3093 unam

427 3108 543 3184 solum
560 3108 761 3209 potentiam
788 3109 825 3183 δι
842 3107 984 3183 obstacu
1000 3134 1080 3200 um,
1107 3109 1202 3210 quod
1217 3110 1318 3186 illam
1336 3137 1562 3209 remoratur,
1588 3115 1745 3193 interce·

429 3210 512 3285 dere
529 3258 544 3299 ,
568 3208 676 3285 aliam
691 3209 821 3285 volunt
839 3204 981 3307 iusuper
998 3208 1226 3284 introducere
1243 3264 1256 3303 ,
1281 3237 1389 3311 quam
1403 3212 1444 3288 in
1461 3214 1689 3316 oppositione
1707 3219 1746 3292 δι

429 3307 659 3406 aquositate,
709 3333 769 3383 uas
794 3305 944 3380 credunt
961 3305 1243 3407 hypomochlion
1260 3337 1392 3412 ponere
1418 3313 1517 3391 inter
1535 3317 1745 3416 potentias,

428 3432 505 3507 qua
531 3406 570 3481 in
596 3407 665 3482 hoc
683 3334 780 3482 Auru
798 3426 943 3481 manent
961 3460 975 3498 ,
992 3406 1182 3483 'consllere
1199 3412 1442 3506 contendunt,
1469 3415 1507 3488 δι
1534 3441 1645 3517 quam
1672 3442 1747 3491 non

429 3504 536 3583 aliter
561 3508 745 3606 probant,
779 3503 844 3581 nisi
871 3505 917 3580 ab
940 3503 1243 3602 inconvenienti,
1277 3533 1396 3588 motus
1431 3512 1570 3589 scilicet
1606 3514 1687 3590 fore
1712 3543 1755 3591 a·

427 3604 580 3703 quales,
613 3604 900 3707 fiaequilibrium
928 3606 1103 3700 cessaret,
1134 3609 1203 3683 hoc
1229 3606 1277 3684 esl
1302 3634 1445 3688 tantuna
1472 3640 1536 3714 per
1566 3615 1752 3691 deduslio·

428 3727 493 3777 nes
527 3704 571 3777 ad
598 3702 815 3795 absurdunt,
848 3730 935 3807 quas
960 3731 1081 3784 tamen
1106 3731 1233 3791 natura
1260 3710 1364 3810 plane
1386 3711 1563 3814 ignorat,
1598 3740 1648 3816 qu
1706 3742 1749 3789 ue

428 3798 580 3899 proinde
607 3801 700 3879 nihil
716 3804 847 3881 habent
874 3802 1036 3905 pbyfici,
1059 3807 1334 3893 siconserantur
1358 3838 1534 3906 cumen,
1559 3742 1750 3915 quodnis-

328 3943 330 3948 ·
429 3896 553 3977 uenus
586 3901 761 3985 ostensum
793 3903 845 3983 ess
878 3903 985 3987 cirsai
1006 3908 1277 4009 generationem
1303 3911 1494 4016 oeqrsbbrii
1529 3940 1593 4016 per
1626 3936 1752 3993 motus

426 4198 507 4279 Du·
516 4202 655 4283 Abbati
680 4209 822 4288 ratione

244 4355 320 4441 Pag-
336 4353 404 4435 388.

429 3998 663 4099 compostus.

479 4100 554 4177 His
573 4102 626 4183 ita
651 4106 850 4207 absolutis,
884 4110 978 4194 nilril
1003 4110 1182 4220 superest,
1211 4120 1277 4200 nifi
1302 4056 1581 4245 utisatissaciam·
1607 4149 1757 4230 quoque
1871 4086 1872 4095 i

645 4307 652 4321 ι
845 4214 942 4295 illius
966 4215 1208 4314 difficultatis,
1233 4251 1304 4340 qua
1330 4250 1454 4307 motus
1477 4252 1598 4304 renuit
1616 4252 1753 4302 conce·

427 4303 511 4378 dcre
530 4354 542 4395 ,
569 4328 609 4380 ut
627 4307 728 4387 lmeae
744 4313 841 4405 dua,
893 4345 945 4393 ua
962 4320 1133 4420 angulum
1158 4321 1303 4400 infinite
1320 4350 1465 4402 acutum
1492 4327 1752 4418 constituunt,

425 4400 625 4481 habeantur
651 4434 721 4508 pro
738 4343 943 4508 parallesis:
970 4416 1066 4517 quasr
1092 4419 1243 4496 nesciret
1259 4453 1299 4498 ea
1315 4480 1327 4518 ,
1379 4454 1428 4504 rrae
1443 4430 1483 4501 in
1498 4426 1676 4517 infinitum
1691 4448 1752 4524 ap·

418 4505 652 4602 propiaquant
667 4510 803 4623 crisim
819 4513 871 4585 rei
880 4552 894 4603 ,
912 4535 977 4611 pro
992 4517 1057 4588 bac
1071 4518 1146 4615 ipsa
1162 4521 1278 4597 haberi
1289 4546 1335 4623 pe
1362 4556 1380 4599 e
1396 4552 1416 4616 a
1439 4551 1550 4631 atque
1573 4528 1658 4605 idco
1684 4528 1752 4602 cit·

424 4604 547 4678 culum
572 4600 619 4687 ab
634 4608 803 4685 omnrbus
819 4612 1029 4688 Geomerr'n
1079 4642 1125 4691 ro
1132 4621 1323 4724 Polygono
1337 4625 1572 4703 infinitorum
1590 4629 1745 4703 laterum

421 4701 569 4798 haberi,
592 4702 767 4804 idemque·
783 4707 827 4784 rle
844 4712 949 4792 omni
963 4712 1033 4791 alia
1050 4642 1185 4823 igunae,
1206 4746 1420 4830 ¹quacunque
1436 4753 1549 4805 curva
1576 4727 1747 4805 termina

1641 4857 1698 4919 ta,
