3784 5459
525 285 610 416 db*
788 295 1416 408 *Acen*

279 477 499 614 tinette&
526 522 627 626 parui
651 521 732 597 sunt
759 518 941 621 ponderib,
967 501 1185 592 velocissime
1201 517 1244 593 ab
1260 513 1488 590 incumbente
1516 541 1595 592 aere
1616 520 1763 620 deprimi

280 599 443 765 fflpsspsstss·
465 621 614 708 debent3
641 617 728 693 adeo
755 643 794 693 ut
812 616 1002 694 verillm'ilc
1029 616 1096 708 nt,
1122 615 1260 691 occludi
1285 614 1447 690 foramen
1466 617 1650 710 Dum),
1678 644 1767 694 ante·

464 719 570 824 qualb
590 715 648 792 aer
664 715 830 793 eiciemus
847 723 909 818 per
924 716 1011 790 illdd
1029 729 1134 818 queat
1151 717 1365 816 irrumpere:
1395 713 1628 791 nihilominus
1653 741 1768 793 tamen

460 815 678 920 experientia
704 817 976 919 comprobatum
995 815 1064 905 est,
1091 815 1216 889 tubum
1235 819 1309 889 AA
1326 821 1406 888 aere
1433 815 1506 887 non
1533 816 1674 913 prorsus
1694 817 1769 892 eva

459 909 603 992 cuatum
629 919 666 989 're
693 917 806 1008 e'ri‘ri,
838 915 897 991 sed
924 918 962 989 in
990 922 1034 988 eo
1062 925 1244 987 remanere
1268 911 1432 1013 quintam
1459 913 1602 1008 circiter
1631 940 1767 1015 partem

666 943 905 1092 bcontinere
924 1014 1032 1104 solet:
1052 1012 1291 1182 subdulicppue
1312 1012 1449 1085 calculo
1469 1016 1627 1112 comperi
1644 1067 1655 1103 ,
1671 1016 1771 1114 quin-
1877 1029 1878 1074 ἒ

458 1015 548 1092 aeris
621 1044 663 1092 uc

458 1123 535 1188 tam
558 1044 661 1191 'illim
688 1115 776 1191 aeris
797 1123 933 1216 pa'rtem
961 1111 1012 1187 sat
1028 1113 1094 1186 else
1122 1111 1164 1184 ad
1189 1101 1217 1183 e¹
1250 1110 1438 1200 ciendum,
1463 1134 1504 1184 ut
1535 1109 1699 1185 machina
1723 1113 1768 1186 es·

457 1201 592 1289 sellum
617 1213 788 1317 producit
812 1211 1038 1289 solummodo
1062 1208 1269 1309 subduplum
1295 1208 1386 1305 ejus,
1414 1231 1519 1308 quem
1538 1212 1765 1308 produceret,

456 1311 613 1388 sttubus
633 1309 707 1389 ΑΑ
726 1315 809 1389 esset
861 1312 989 1386 erfebl'e
1015 1332 1223 1384 evacuatus:
1253 1307 1486 1381 nihilominus
1514 1330 1634 1383 tamen
1662 1335 1766 1411 quum

455 1406 517 1488 aer
542 1410 637 1489 infru
653 1409 821 1515 pistillum
837 1340 904 1488 bb
921 1409 962 1485 stt
976 1414 1023 1483 'eo
1050 1418 1158 1510 u'squ'c
1186 1405 1395 1491 rarefadlus3
1423 1431 1483 1479 aer
1500 1432 1589 1480 vero
1607 1433 1767 1484 externus

454 1508 562 1587 solita
576 1511 635 1586 sua
662 1511 838 1616 grabitate
865 1509 1010 1610 desuper
1036 1505 1238 1582 incumbat:
1270 1531 1397 1605 magna
1418 1504 1456 1576 vi
1474 1505 1635 1581 deorsum
1652 1507 1764 1584 trudit·

452 1617 520 1684 'tur
544 1605 678 1686 diuum
708 1609 894 1711 pistillum,
921 1608 1111 1708 funemque
1139 1607 1199 1680 fibi
1229 1623 1405 1679 annexum
1431 1604 1606 1696 trahens,
1634 1608 1797 1705 pondus‘

458 1706 584 1809 ingens
601 1710 704 1783 alteri
719 1709 815 1783 funis
830 1713 994 1782 extremo
1010 1706 1220 1822 appensum,
1248 1702 1484 1778 mediantibus
1497 1704 1665 1777 trochleis
1673 1710 1769 1798 TT,

459 1803 499 1880 in
526 1807 638 1881 altum
656 1805 812 1885 attollit:
840 1831 946 1908 atque
965 1805 1073 1880 iuitro
1091 1806 1234 1907 quidem
1255 1805 1365 1904 posset
1385 1801 1444 1875 illa
1471 1803 1525 1875 vis
1541 1803 1768 1879 resistentiam

279 1909 353 1994 Pag.
375 1928 442 1992 500·
460 1901 692 1982 ducentarum
717 1907 756 1980 ’ἀ
778 1907 932 2006 amplius
949 1903 1120 1979 librarum
1137 1904 1320 2004 superare,
1345 1899 1403 1974 sed
1419 1900 1647 1976 descendente
1689 1903 1771 1977 istil·

454 2004 492 2077 io
536 2005 686 2080 rad‘atim
708 2006 904 2095 minuitu'r,
930 2005 1018 2079 adeo
1038 2028 1078 2077 ut
1095 2001 1383 2102 compensatione
1399 1998 1493 2074 faeta
1510 2024 1641 2074 totuse
1673 2003 1770 2082 eblus

455 2031 563 2204 podit
588 2100 750 2177 astir'nari
768 2103 942 2176 circiteru
954 2107 1007 2192 30.
1033 2102 1227 2189 librarum,
1252 2099 1295 2172 ad
1311 2099 1536 2172 altitudinem
1555 2100 1656 2174 unius
1674 2102 1772 2199 pedis

452 2197 738 2275 ascendentium:
753 2198 853 2301 'qubd
871 2197 1016 2298 quidem
1034 2196 1374 2298 proportionalitate
1386 2196 1568 2269 observata
1585 2200 1770 2298 decuplum

456 2296 504 2369 est
530 2293 624 2395 ejus,
652 2295 748 2411 quod
775 2298 962 2371 ascribitur
980 2296 1150 2369 machina
1176 2296 1213 2367 in
1240 2292 1342 2392 supra
1372 2292 1491 2367 citatis
1517 2297 1772 2372 Novellis'me-

452 2392 627 2485 morata,
654 2422 692 2469 tn
719 2422 789 2498 qua
814 2394 991 2469 semuncia
1021 2396 1175 2495 pulveris
1198 2389 1403 2494 quindecim
1429 2415 1569 2467 tantum
1593 2394 1703 2470 libras
1725 2399 1771 2474 ad

448 2487 857 2576 altitudinem'sedecim
888 2494 1016 2594 pedu'm
1038 2493 1179 2568 evehit.
1747 2553 1753 2563 .

381 2649 384 2654 »
448 2603 454 2610 ’
508 2591 802 2669 Alterame'tia'm
819 2593 1044 2685 machinam,
1069 2595 1106 2666 in
1135 2590 1257 2665 iisdem
1272 2587 1439 2664 Novelli:
1464 2588 1663 2682 laudatam,
1691 2599 1774 2670 Do

446 2683 628 2792 'minoque
650 2692 826 2767 Colbe'rto
851 2692 1042 2784 ostensam,
1063 2689 1193 2766 'nostra
1220 2690 1276 2763 hic
1295 2689 1473 2790 descripta
1492 2687 1772 2788 postponendam

446 2785 638 2863 ‘existimo
658 2793 840 2866 Dominus
857 2793 953 2867 enim
968 2790 1155 2893 Hugcnius
1172 2789 1273 2863 diblae
1291 2789 1461 2863 machina
1478 2787 1648 2860 inventor
1659 2807 1677 2879 ,'
1688 2791 1772 2890 pro·

457 2895 541 2987 ptcr'
566 2887 812 2983 difficultates,
836 2915 913 2993 quae
929 2915 1122 2967 occurrunt
1149 2890 1186 2962 in
1214 2886 1441 2961 conficiendis
1459 2884 1662 3056 inpentibus
1678 2890 1773 2964 tubis

443 2987 576 3078 areis,
601 2989 749 3065 laminas
766 3015 908 3067 tantum
924 2991 1054 3066 ferreas
1080 2989 1205 3063 stanno
1230 2986 1397 3061 obdullas
1424 2985 1504 3060 adbi
1531 2985 1606 3074 uit,
1631 2987 1772 3063 tubum·

442 3093 530 3185 'que
556 3109 599 3159 ex
626 3085 680 3160 bis
706 3091 906 3164 conlellum
931 3090 1045 3190 '‘gylo
1070 3089 1167 3160 intus
1195 3086 1438 3159 obducendum
1467 3083 1630 3175 curavit,
1654 3086 1770 3163 donec
1877 3113 1878 3142 ¹

440 3183 597 3256 'cavitas
620 3183 716 3262 larvis
741 3189 823 3260 e’ffet
841 3117 1031 3300 &aequalis
1048 3210 1112 3285 per
1136 3199 1250 3257 totam
1271 3183 1556 3284 longitudinem:
1584 3205 1694 3283 quum
1713 3209 1771 3260 au-

439 3293 534 3355 *rcm
562 3280 708 3383 gypsum
728 3284 850 3357 multis
866 3311 962 3386 ports
978 3283 1103 3384 amplis
1117 3283 1158 3356 stt
1176 3282 1367 3372 refertum,
1391 3305 1451 3355 aer
1474 3307 1535 3381 per
1551 3281 1770 3383 superiorem

437 3379 594 3482 'partem
621 3381 740 3456 diebos
761 3409 867 3483 poros
892 3383 1059 3474 subibat,
1095 3406 1300 3483 partemque
1331 3379 1434 3480 spatii
1460 3381 1562 3452 vacui
1591 3383 1772 3483 replebat,

454 3477 548 3554 unde
575 3480 746 3555 machina
766 3480 911 3556 effectus
936 3482 1130 3582 plurimum
1157 3479 1401 3566 minuebatur3
1428 3475 1533 3552 tubus
1559 3493 1772 3583 vero-quent

454 3575 549 3651 nunc
568 3578 736 3671 adhibui,
762 3605 806 3653 cx
832 3581 966 3655 lamina
992 3599 1080 3655 area
1108 3580 1181 3654 aeri
1208 3577 1382 3679 impervia
1408 3578 1589 3652 confectus
1616 3575 1664 3653 est
1693 3607 1768 3654 me·

435 3673 568 3752 'rhodo
593 3678 769 3778 quadam,
793 3683 870 3793 qu'ae
888 3681 926 3754 in
956 3681 1212 3780 praegrandibus
1230 3681 1338 3752 etiam
1356 3677 1448 3749 tubis
1470 3675 1702 3752 conficiendis
1719 3679 1771 3753 fc·-

433 3771 573 3876 ‘liciter
600 3777 710 3876 poffet
738 3778 915 3853 adhiberi.
945 3783 1140 3869 Praeterea,
1166 3779 1336 3852 machina
1360 3797 1443 3848 mea
1470 3778 1578 3850 valva
1600 3777 1772 3853 citissime

451 3869 562 3973 'atque
586 3876 802 3952 exactissime
828 3877 1051 3951 occluditur:
1077 3877 1166 3952 adeo
1191 3899 1231 3949 ut
1258 3875 1375 3949 omnia
1400 3874 1598 3976 ingressuro
1623 3877 1697 3950 aeri
1725 3904 1774 3953 ex

454 3969 649 4073 hac'parte
677 3975 792 4049 aditus
812 3975 1003 4050 intercludi
1029 3974 1175 4062 'debeat3
1201 3974 1238 4047 in
1266 3973 1429 4048 machina
1456 3997 1575 4048 autem
1598 3978 1775 4050 Domino

454 4071 632 4145 Colberto
649 4073 830 4165 exhibita,
857 4072 1009 4147 flamma
1027 4073 1182 4173 pulveris
1208 4089 1324 4147 aerem
1350 4074 1565 4171 expellebat,
1581 4095 1654 4174 >per
1680 4077 1774 4152 duos

452 4171 561 4245 tubos
585 4170 755 4243 lateribus
777 4172 1009 4273 'magni'tubi
1036 4171 1154 4245 'versus
1179 4170 1421 4245 summitatem
1446 4171 1774 4265 adserruminatoS,

456 4294 564 4371 atque
583 4267 676 4342 hisce
703 4268 799 4341 tubis
816 4297 859 4343 ex
887 4274 1034 4345 metallo
1060 4270 1223 4345 conflatis
1248 4267 1377 4371 illigati
1395 4293 1497 4345 crant
1523 4272 1594 4345 duo
1610 4273 1686 4346 rubi
1706 4299 1776 4346 co·

398 4407 402 4416 ·
428 4372 569 4446 'reacei
588 4366 805 4460 madefacti,
825 4368 886 4467 qul
912 4375 1226 4470 erumpenr'c'alre
1252 4371 1553 4462 extendebantur,
1577 4369 1774 4474 statimque

429 4468 611 4543 *extincta
635 4465 778 4542 flamma
796 4465 925 4539 iterum
955 4470 1218 4562 concidebant,
1243 4472 1279 4543 8:
1306 4469 1474 4546 tuborum
1488 4471 1774 4546 'metallicotum

424 4561 595 4639 'orificio
622 4565 855 4642 obturabant:
883 4566 919 4640 id
946 4590 1064 4640 autem
1090 4582 1203 4640 neue
1230 4581 1302 4641 mm
1319 4570 1394 4664 cit'o
1420 4593 1532 4670 neque
1550 4592 1623 4643 tam
1642 4572 1773 4647 enable

423 4659 535 4736 -deri
564 4681 728 4766 poterat,
753 4689 793 4743 ac
820 4685 885 4770 ptr
908 4666 1054 4743 taluam
1082 4593 1234 4749 nosram
1262 4664 1471 4767 perficitur:
1496 4670 1626 4744 Tertia
1651 4687 1777 4781 muta·

788 4797 793 4810 *
861 4805 877 4816 ··
1661 4792 1721 4843 tto
