3784 5459
529 254 633 387 480
923 252 971 353 A
1050 288 1079 355 c
1161 286 1196 354 τ
1277 288 1310 359 ιι

277 472 447 542 ‘Mul‘
505 452 1696 627 ·LUCERNALAP1'DAR1A‚
1816 602 1822 613 ,

284 562 342 625 nn.
356 552 441 626 1⁶93·

281 633 445 790 ἓξὲξ
466 672 570 788 Qe
600 660 739 751 titulos
761 644 1091 775 ,Munimenta,
1135 669 1357 788 Epitaphia
1383 733 1398 780 ,
1429 679 1701 800 inscriptiones
1725 727 1764 781 ae
1844 756 1845 783 ι

511 780 695 902 sepulcra
733 811 817 868 rum
858 778 1082 897 Gentilium
1114 844 1126 891 ,
1165 812 1249 871 tum
1290 790 1610 907 Christianorum
1646 866 1660 912 ,
1698 814 1760 896 vis
1844 808 1845 883 l

483 940 488 953 ¹
521 908 561 990 F
562 896 734 989 laminir
763 903 814 987 Θ
844 899 1025 986 Arimini
1046 903 1269 1016 scrutatur.
1844 916 1845 931 ¹

516 1044 518 1051 Ι
582 1101 760 1195 Accensa
789 1134 813 1193 a
842 1101 1012 1222 Josepho
1032 1107 1246 1198 Malatesta
1266 1115 1469 1225 Garuffio,
1503 1120 1648 1211 Biblio-

787 1223 911 1313 thece
947 1226 1208 1313 Ariminenses
1236 1227 1436 1319 Custode.

462 1423 641 1516 Arimini,
667 1450 707 1496 ese
733 1428 971 1603 Typogmpgia
999 1431 1333 1629 ΙξίιίιιιίΡΙΙἊιιιιὶιιίσὲί
1346 1437 1500 1509 ferreris
1524 1442 1567 1513 A.
1598 1448 1697 1537 1691.
1720 1440 1759 1514 Φ·

889 1556 903 1603 ι
935 1557 991 1628 92.
1018 1559 1055 1603 sn
1079 1557 1114 1622 4.
1176 1559 1230 1631 ag.
1263 1558 1346 1627 ¹¹3·

563 1740 785 1821 obiliffimus
812 1746 974 1841 Anisus,
1001 1771 1042 1833 ut
1068 1748 1332 1826 Bibliotheealn
1353 1751 1532 1866 publicam
1559 1754 1757 1830 Ariminen·

585 1839 657 1913 sem
685 1839 751 1918 suae
779 1844 862 1917 fidei
888 1849 1109 1923 commissam
1136 1850 1461 1942 auslioremsudies
1477 1854 1693 1937 ornatiorem
1719 1880 1757 1928 ue

464 1934 620 2027 reddat,
646 1962 721 2014 non
748 1943 858 2039 modo
883 1943 928 2017 ab
954 1940 1032 2019 aliis
1058 1942 1276 2049 conscriptos
1310 1948 1421 2024 libros
1445 1951 1480 2023 ei
1506 1950 1638 2026 insesre
1661 2008 1673 2044 ,
1696 1880 1756 2027 led

463 2034 500 2107 dt
526 2034 603 2133 ipse
624 2061 739 2112 novos
765 2065 982 2138 componere
1009 2043 1135 2161 satagit
1164 2101 1172 2120 .
1210 2050 1289 2121 Hac
1315 2045 1380 2121 fini
1404 2051 1531 2145 Raetici
1553 2055 1664 2148 Musei
1689 2052 1758 2144 Tes-

456 2134 609 2230 ssllario,
635 2132 693 2210 sen
720 2138 946 2239 Disticbsrtsm
972 2146 1140 2241 centurie
1164 2148 1264 2220 Foro
1290 2147 1407 2241 livii,
1433 2151 1588 2251 itemque
1611 2151 1760 2246 Sphingis

462 2238 566 2303 cana
591 2236 820 2331 AEnigmarica
848 2240 1031 2333 Arimini,
1058 2243 1130 2341 ejus
1156 2266 1263 2345 opera
1290 2272 1329 2321 ac
1356 2247 1470 2323 studio
1498 2250 1666 2348 prodiere.
1695 2253 1759 2323 Ve-

462 2329 570 2403 netiis
596 2333 721 2409 Italice
749 2338 862 2413 edidit
889 2366 985 2415 anno
1010 2339 1184 2443 superiori
1211 2346 1318 2417 Vitam
1342 2352 1377 2421 S.
1388 2350 1543 2444 josephi.
1571 2347 1759 2447 Quamplu

466 2425 559 2502 tima
585 2454 704 2509 autem
731 2436 800 2511 alia
829 2439 1011 2551 promittit
1029 2442 1101 2533 ,u
1130 2467 1239 2542 quum
1268 2470 1400 2520 anuum
1428 2472 1521 2522 nunc
1549 2472 1628 2547 agas
1655 2446 1760 2523 atatis

465 2527 637 2604 ostavum
663 2531 766 2634 supra
793 2537 1010 2637 trigefimum
1037 2590 1050 2630 ,
1084 2540 1157 2641 spes
1183 2541 1268 2633 cll,
1303 2544 1404 2619 illum
1430 2599 1443 2636 ,
1477 2550 1558 2619 Deo
1586 2546 1762 2637 volente,

463 2626 641 2725 promissis
666 2630 730 2707 suo
756 2656 918 2733 tempore
946 2637 1138 2715 staturum.
1165 2641 1209 2713 ln
1236 2641 1290 2712 lris
1314 2643 1472 2716 eminent
1501 2647 1677 2811 Templum
1691 2648 1761 2715 Μι·

282 2490 353 2574 Pe·
376 2508 447 2574 347·

461 2725 676 2816 satestartsm,
701 2728 746 2797 Ψ
769 2736 1015 2813 Commentariis
1039 2737 1074 2808 in
1102 2736 1258 2833 quosdam
1275 2740 1443 2815 Chemicss
1470 2743 1568 2813 chara
1603 2770 1695 2833 eres,
1720 2746 1765 2815 in⁴

455 2822 607 2917 sculptos
632 2823 758 2912 orificio
783 2829 854 2903 olle
871 2833 937 2926 snb
965 2854 1057 2907 terra
1089 2840 1235 2912 invente
1261 2869 1276 2927 ,·
1312 2837 1400 2913 item
1436 2840 1560 2917 Italice
1586 2841 1765 2915 concinasi

459 2922 609 2993 Annales
633 2926 883 3021 Ariminenses.
920 2936 1100 3009 Ceterum
1125 2989 1137 3027 ,
1162 2962 1237 3038 que
1257 2937 1439 3037 'praesentis
1469 2938 1571 3039 hujus
1598 2941 1768 3013 crassatus

460 3020 747 3115 coutenta'sint,
775 3026 999 3109 titulusnun
1028 3021 1172 3110 obscure
1198 3036 1328 3125 docet,
1354 3039 1511 3123 exafilina
1538 3061 1656 3111 tamen
1685 3035 1766 3111 edis·

458 3116 613 3192 seremus
639 3120 707 3195 hoc
735 3124 836 3215 loco,
862 3153 906 3200 eo
933 3129 1030 3229 quod
1056 3133 1193 3209 libellus
1220 3135 1340 3219 inhia
1367 3137 1441 3214 oris
1463 3136 1673 3227 rarissimus,
1700 3161 1765 3209 nec
1844 3168 1845 3177 ¹

458 3214 524 3288 nist
541 3217 638 3306 dono
655 3220 835 3328 clarissimi
856 3226 1046 3320 Auernis,
1062 3256 1209 3319 curante
1226 3234 1307 3308 viro
1326 3235 1550 3311 humanitate
1570 3235 1771 3309 nonninus

458 3335 566 3408 quam
586 3312 689 3386 bonis
705 3317 819 3391 literis
837 3320 982 3417 illustri,
1009 3332 1388 3428 AnuMagliaircsbio,
1415 3335 1456 3421 ad
1476 3360 1542 3408 nos
1552 3333 1685 3407 delatus
1705 3332 1771 3406 stt·-

502 3408 698 3519 ‚Nimirum
728 3416 909 3493 Romanis
928 3416 966 3497 in
994 3451 1093 3503 more
1120 3456 1196 3505 erat
1224 3430 1410 3530 positum,
1445 3456 1486 3506 ut
1515 3433 1677 3506 virorum
1704 3431 1770 3505 foe-

458 3527 732 3611 minarumque,
760 3518 932 3596 natalium
960 3523 981 3595 s
1001 3525 1145 3603 lendore
1175 3531 1358 3623 meritisve
1384 3533 1484 3633 vulgi
1512 3533 1644 3604 sortem
1672 3557 1769 3604 exce·

460 3602 650 3699 dentium,
677 3610 833 3713 sepulcra
859 3618 896 3694 in
924 3550 1073 3722 puilicit
1100 3628 1167 3701 viis
1194 3629 1443 3723 collocarent,
1474 3655 1556 3703 eum
1583 3631 1621 3702 in
1641 3628 1772 3718 finem,

460 3722 500 3773 ut
528 3712 820 3801 pretereuntibus
847 3717 1044 3796 viatoribus
1071 3752 1110 3799 ea
1137 3728 1376 3828 contemplari
1414 3755 1453 3803 ac
1489 3728 1654 3803 venerari
1690 3730 1772 3800 lice-

457 3820 532 3873 ret.
561 3804 702 3881 Imitati
727 3812 793 3886 hos
818 3813 898 3890 sunt
924 3823 1167 3921 Ariminenses,
1194 3852 1348 3926 quorum
1379 3828 1489 3918 urbs,
1515 3827 1552 3899 iu
1580 3853 1645 3900 ora
1664 3826 1775 3900 maris

454 3897 661 3977 Hadriatici
688 3907 771 3999 ssta,
798 3936 904 4012 caput
932 3918 1020 3994 olim
1048 3920 1116 3995 suit
1145 3926 1271 3999 Gallia
1297 3925 1525 4015 senonensis,
1552 3927 1589 3998 δι
1610 3925 1686 4025 poll
1698 3929 1774 3999 Ru·
1844 3934 1845 3941 ’

455 4021 581 4072 manos
595 4006 726 4113 paruit
754 4011 923 4104 Gothis,
950 4016 1031 4095 dein
1059 4016 1286 4120 malatestis,
1314 4050 1408 4098 nunc
1434 4022 1606 4099 Pontifici
1634 4028 1776 4098 Roma·
1844 4068 1845 4149 p

454 4120 524 4170 no.
553 4102 606 4171 Hs
633 4124 741 4205 ergo,
768 4133 848 4181 cum
878 4116 1042 4189 Gentiles
1068 4119 1200 4215 essent,
1227 4121 1263 4194 iu
1291 4123 1352 4198 via
1380 4122 1562 4198 Flaminia
1590 4148 1705 4222 ,qua
1735 4122 1781 4195 ab

454 4194 686 4308 urbeoRoma
713 4230 775 4303 per
802 4207 969 4285 Tusciam
996 4215 1031 4287 8<
1058 4220 1248 4294 Umbriam
1286 4222 1499 4296 Ariminum
1535 4221 1612 4294 itur
1644 4275 1656 4312 ,
1695 4222 1780 4294 suos

452 4288 619 4390 sepeliere
653 4346 665 4388 ,
709 4302 843 4404 viaque
879 4306 960 4383 huic
996 4310 1108 4413 cippis
1147 4316 1393 4416 sepulcralibus
1438 4320 1523 4392 hinc
1568 4319 1654 4393 inde
1701 4346 1785 4394 ma·
1842 4318 1843 4325 '

452 4411 563 4499 gnum
588 4392 692 4471 decus
717 4402 1021 4483 conciliaverunt.
1050 4414 1248 4490 Christiani
1273 4418 1378 4506 faui,
1404 4418 1619 4492 coemeteria
1632 4418 1670 4492 in
1683 4443 1784 4493 tem·
1842 4462 1843 4467 1

449 4486 519 4586 plis
544 4486 718 4586 habuere3
745 4525 947 4605 quanquam
976 4507 1083 4597 etiam
1111 4514 1208 4590 inter
1235 4515 1307 4617 ipsa
1334 4512 1628 4594 Christianorum
1661 4517 1787 4618 sepul·

549 4638 591 4649 ,.
1649 4644 1730 4692 cre·
1842 4634 1843 4657 ¹
