3784 5459
492 219 590 337 288
868 155 1334 320 Acta·

238 444 403 516 tumne
422 443 590 549 quorsum
618 435 728 514 etiam
739 409 1026 513 Celeberrimum
1037 422 1242 506 leibnitium
1268 430 1307 506 in
1326 426 1498 533 privatis,
1522 427 1659 532 quibua
1682 430 1739 512 sub
1822 335 1826 520 l

238 535 299 592 ΛΠ·
318 532 401 607 ¹⁶9¹·
422 547 516 621 idem
545 567 602 614 me
628 562 702 613 tem
730 564 768 610 us
797 533 1014 624 honoravit,
1040 533 1155 606 literis
1172 531 1326 633 digitum
1353 553 1559 634 opportune
1580 533 1739 610 intende·

237 611 362 684 M'Jun‘
423 673 461 721 re
480 640 613 718 video..
647 566 805 713 Videtur
832 659 952 710 autem
980 631 1286 725 hocProblema,
1320 657 1403 707 curn
1429 630 1477 705 ob
1504 629 1739 733 hypotheseos
1824 679 1825 688 κ

417 738 743 828 incertitudinem,
769 760 850 811 tum
867 733 1009 809 casuum
1036 732 1273 832 multiplicem
1297 731 1543 824 varietatem,
1581 735 1660 835 plus
1685 737 1749 811 ali·

419 867 557 947 quanto
584 836 807 914 difficultatis
834 835 1023 911 involvere
1051 831 1194 937 priori,
1218 857 1424 934 quanquam
1451 831 1608 908 hicnon
1638 836 1735 936 proli·

373 1001 376 1008 ψ
420 971 469 1021 xo
495 940 632 1018 calculo
657 937 715 1013 sed
742 935 912 1013 industria
940 958 1083 1009 tantum
1110 957 1199 1033 opus
1226 930 1300 1008 est.
1327 937 1410 1033 Ego
1438 933 1732 1033 persolutionem

422 1041 520 1120 casus
547 1036 792 1140 simplicifftmi
816 1036 962 1123 (saltem
991 1035 1029 1109 in
1057 1056 1328 1137 praememorata
1354 1031 1545 1134 hypotheli
1572 1036 1729 1112 extendo
1824 1053 1825 1130 l

421 1143 499 1235 nis)
526 1141 633 1234 adyta
643 1135 878 1213 Problematis
904 1134 1058 1210 feliciter
1085 1133 1258 1223 reseravi3
1284 1158 1413 1208 verum
1440 1158 1480 1208 ut
1508 1133 1556 1209 ad
1572 1136 1729 1214 imitatio-

422 1270 507 1320 nem
534 1243 605 1315 Viri
631 1233 902 1328 Excellenriffimi
927 1238 962 1309 dt
981 1235 1059 1310 aliie
1084 1234 1238 1336 spatium
1255 1235 1450 1310 concedam
1467 1234 1726 1317 suamtentandi

423 1340 621 1436 Analylin,
648 1364 806 1440 premam
827 1362 894 1438 pro
911 1362 1006 1411 nune
1031 1334 1279 1427 solutionem,
1306 1360 1454 1436 eamque
1480 1337 1656 1437 tantisper
1670 1343 1726 1414 Lo

424 1442 603 1546 gogripho
620 1436 830 1529 occultabo,
857 1437 994 1511 clavem
1014 1461 1097 1509 cum
1113 1433 1416 1511 demonstratione
1433 1433 1470 1509 in
1487 1438 1655 1513 nundinis
1676 1467 1723 1516 au
1824 1475 1825 1528 t

423 1540 643 1619 tumnalibus
661 1537 1005 1614 communicaturus.
1032 1537 1070 1610 Si
1087 1536 1221 1611 lamina
1246 1533 1385 1610 elastica
1401 1536 1596 1637 gravitatis
1619 1565 1719 1640 expers
1824 1535 1825 1574 ³

424 1648 517 1735 AB,
544 1639 733 1716 uniformis
761 1638 891 1738 ubique
917 1635 1085 1713 craffitiei
1113 1637 1149 1711 ἃ
1176 1633 1399 1728 latitudinis,
1425 1635 1600 1714 inferiore
1623 1663 1717 1714 extre·

426 1743 554 1832 raritate
581 1746 618 1816 A
644 1738 775 1815 alicubi
799 1736 997 1829 firmetur,
1025 1735 1114 1811 &su
1141 1737 1250 1811 eriori
1273 1742 1304 1813 B
1330 1736 1466 1838 pondus
1491 1740 1716 1840 appendatur,

428 1865 604 1946 quantum
631 1838 764 1915 sufficit
791 1838 834 1914 ad
852 1835 1023 1916 laminam
1041 1763 1192 1940 eoullque
1209 1837 1491 1932 incurvandam,
1518 1864 1559 1914 ut
1577 1839 1656 1915 linea
1672 1840 1717 1917 di·

426 1941 598 2019 rectionis
624 1939 789 2043 ponderis
806 1942 872 2015 BC
899 1964 1055 2017 curvata
1072 1940 1211 2014 lamina
1238 1938 1277 2014 in
1296 1943 1326 2017 B
1344 1938 1388 2030 fit,
1402 1939 1682 2043 perpendicularis
1700 1992 1715 2033 ,

427 2043 499 2118 erit
516 2067 707 2118 curvatura
733 2040 874 2116 laminae
891 2040 1069 2142 sequentis
1086 2065 1240 2116 naturae:
1338 2093 1340 2097 »
1453 2083 1461 2088 -

474 2137 630 2243 Qatnu
655 2141 739 2240 bapt
754 2141 986 2241 dxqopddbbp
1003 2142 1084 2240 puy!
1091 2141 1133 2242 fy
1147 2135 1411 2242 bbqnfqbfplty
1426 2168 1471 2241 ge
1495 2143 1602 2216 murdt
1621 2140 1715 2216 vdtbl

425 2244 504 2318 rubr
519 2243 842 2341 tmiayyadksdbap
854 2243 1067 2341 gqsrksgudl
1080 2246 1126 2341 hg
1141 2244 1302 2340 ipqandrt
1317 2247 1631 2342 tepglebpaqdbkzr.

243 2398 285 2462 Pa
338 2416 356 2456 ι
475 2372 509 2436 4.
536 2340 616 2418 Istis
641 2368 730 2415 vero
757 2344 924 2417 omnibus
952 2343 1069 2432 multo
1094 2343 1281 2418 sublimior
1307 2342 1355 2418 est
1372 2344 1564 2445 speculatio
1581 2344 1714 2439 defige·

268 2417 336 2562 ἐξ
355 2414 404 2559 {⁰⁸
426 2472 465 2518 ra
490 2443 563 2515 veli
587 2442 841 2530 venenatiore,
866 2468 1068 2545 quanquam
1086 2469 1167 2517 cum
1185 2445 1390 2518 Problemata
1406 2445 1611 2519 funiculatio
1633 2465 1714 2516 cate·

425 2567 491 2620 nus
518 2540 736 2616 affinitatem
756 2540 890 2633 habet,
917 2569 1092 2658 quatenus
1118 2544 1220 2618 venti
1238 2544 1413 2620 continuo
1440 2548 1481 2620 ad
1499 2548 1606 2620 velum
1631 2541 1714 2617 adla-

425 2643 543 2719 bentis
569 2639 739 2741 impulsus
765 2667 829 2714 ceu
856 2639 951 2717 funls
978 2642 1125 2742 alicujus
1152 2645 1362 2746 gravamina
1389 2645 1532 2746 spellari
1559 2642 1711 2745 poliunt.

425 2742 504 2835 Qri
531 2764 696 2815 naturam
726 2736 911 2841 preslionis
936 2740 1373 2828 fluidorumintellexerit
1388 2797 1406 2829 ,ν
1427 2746 1515 2814 baud
1539 2741 1713 2813 difficulter

424 2840 569 2944 quidem
598 2838 736 2940 capiet,
788 2840 858 2915 uod
886 2840 1008 2942 portio
1035 2840 1107 2914 veli
1126 2842 1211 2932 BC,
1238 2837 1523 2943 quaesubtensam
1547 2838 1642 2912 habet
1665 2837 1724 2912 di-⁴

424 2941 580 3018 reeiioni
607 2940 710 3014 venti
735 2941 774 3014 D
839 2940 1196 3042 perpendicularem,
1231 2938 1374 3015 curvari
1401 2937 1523 3015 debeat
1547 2939 1582 3014 in
1605 2961 1707 3012 areum

423 3041 578 3118 circuli.
608 3043 662 3114 At
689 3039 830 3142 qualem
859 3042 1088 3117 curvaturam
1111 3040 1241 3120 induat
1265 3041 1401 3141 reliqua
1427 3040 1543 3143 portio
1565 3042 1646 3126 AB,
1668 3056 1704 3108 ut

423 3140 582 3218 difficilis
607 3139 655 3214 est
674 3138 902 3240 perquilitio,
929 3141 974 3215 fic
991 3133 1028 3215 in
1042 3169 1078 3216 re
1092 3149 1094 3154 ’
1108 3140 1249 3217 nautica
1274 3140 1398 3217 eximii
1426 3140 1555 3243 prorsus
1577 3135 1645 3211 usus
1659 3132 1707 3208 lu·

423 3265 506 3316 tura
524 3240 596 3331 ell,
623 3262 663 3313 ut
680 3236 1042 3339 praestantiffimorum
1062 3245 1341 3318 Geometrarum
1355 3241 1618 3357 ¹occupationem
1642 3233 1712 3332 iux·

422 3366 461 3416 ta
489 3366 569 3416 cum
596 3338 828 3430 subtiliffitnis
854 3340 986 3436 mereri
1011 3342 1201 3418 videatur.
1235 3346 1417 3419 Caeterum
1452 3368 1489 3416 tn
1515 3340 1566 3415 his
1587 3334 1714 3414 Proble-

421 3440 578 3516 matibus
603 3440 800 3532 omnibus,
828 3465 903 3541 quae
928 3440 1271 3546 quisnequicquam
1299 3445 1368 3519 alia
1396 3466 1515 3519 tentet
1538 3437 1714 3526 methodo,

422 3541 551 3616 calculi
569 3541 775 3613 teibairiaus·
799 3538 973 3615 eximium
1001 3543 1263 3645 &singularem
1290 3546 1394 3646 plane
1422 3545 1525 3622 usum
1549 3542 1611 3618 else
1633 3561 1728 3622 com.

419 3640 525 3813 peri,
553 3662 591 3713 ut
602 3640 715 3740 ipsum
714 3642 1021 3812 sproptereainter
1033 3643 1202 3744 primaria
1228 3643 1468 3720 sarculioollri
1496 3644 1711 3721 inventatur·

437 3738 566 3812 endum
595 3741 662 3813 effe
686 3767 712 3815 a
741 3739 870 3815 imem.
899 3745 1116 3845 Quanquam
1145 3743 1263 3836 enim,
1289 3767 1329 3821 ut
1348 3744 1596 3846 nuperinnui,
1617 3736 1711 3815 ausam

420 3837 506 3912 huic
533 3836 663 3914 dedisse
691 3840 833 3916 credam
860 3842 1034 3918 calculum
1051 3846 1248 3931 Barrovr'i,
1262 3848 1403 3946 qualem
1421 3847 1587 3949 appello,
1608 3834 1711 3943 quial

419 3936 527 4038 hujus
553 3939 625 4013 viri
653 3943 815 4039 tempore
843 3941 968 4042 paffim
1002 3942 1076 4017 fere
1111 3946 1204 4044 apud
1229 3950 1446 4021 Geometras
1467 3940 1716 4049 praestantiores

419 4038 597 4131 invaluit,
623 4064 800 4142 quemque
817 4043 1015 4116 etiamnum
1025 4045 1535 4145 Nobiliffimol'zsebirnbaufio
1550 4044 1722 4121 solemnem

420 4140 489 4252 esse
510 4139 635 4213 video:
667 4140 735 4213 hoc
754 4162 874 4215 tamen
895 4169 976 4216 non
995 4169 1039 4219 eo
1057 4145 1331 4248 intelligendum
1350 4146 1420 4239 cll,
1446 4146 1546 4248 quast
1566 4134 1721 4249 utiliffitni

418 4240 564 4313 inventi
590 4239 804 4341 dignitatem
836 4243 1011 4336 ullatenus
1029 4246 1197 4339 elevare,
1222 4272 1286 4331 aut
1304 4249 1529 4324 celeberrimi
1552 4247 1622 4321 Viti
1641 4235 1724 4315 laudt

418 4339 557 4414 meritae
582 4342 773 4441 quicquam
794 4342 984 4416 detrahere
1008 4346 1139 4421 &aliis
1167 4346 1339 4424 ascrrlsere
1359 4349 1535 4449 cupiam3
1562 4340 1638 4420 &fi
1660 4359 1724 4436 φιτ

420 4439 624 4513 conferenti
652 4439 742 4514 mihi
761 4466 955 4543 utrumque
974 4442 1194 4523 intercedere
1220 4445 1421 4525 interillos
1446 4447 1523 4526 visa
1550 4445 1599 4522 est
1624 4434 1726 4517 affini·

419 4563 493 4629 tas,
520 4565 561 4612 ea
579 4538 694 4636 major
720 4567 795 4616 non
815 4539 885 4634 est,
910 4567 1017 4642 quam
1036 4570 1112 4646 quae
1130 4547 1260 4639 faciat,
1287 4572 1327 4626 ut
1348 4576 1421 4628 uno
1438 4546 1626 4628 intellecto
1642 4535 1726 4614 ratio

418 4637 566 4714 alterius
582 4638 723 4738 facilius
740 4641 1066 4746 comprehendatur
1080 4671 1092 4736 3
1117 4648 1203 4726 dum
1220 4673 1312 4727 unus
1328 4647 1523 4752 superfluas
1539 4648 1576 4722 ἃ
1587 4639 1733 4817 qude·

1563 4747 1620 4821 len
1647 4765 1684 4816 as
