3784 5459
481 271 1204 381 senariorum·-
1306 306 1391 395 101

159 526 164 539 ·
205 498 260 583 (2)
284 494 334 568 Et
349 488 536 590 hyporbests
555 516 587 565 a.
604 490 652 565 est
668 489 789 565 eadem
806 512 888 564 cum
905 488 989 589 hyp.
1002 514 1032 562 2.
1049 486 1194 564 articuli
1210 484 1370 602 secundi.
1490 440 1653 604 ἓξὲξ·

208 600 260 686 (3)
284 591 487 667 Resistentia
504 592 553 667 est
571 592 614 668 ad
630 590 897 694 impressionem
913 615 1046 665 novam
1065 642 1077 680 ,
1104 611 1321 690 agravttate
1343 588 1470 665 eodem
1489 609 1537 673 Μ.
1564 612 1629 685 Jan.
1703 647 1705 650 <

157 693 325 791 temporis
342 693 524 768 elemento
540 692 672 769 failam
697 690 787 779 (seu
804 689 999 764 diminutio
1021 687 1226 764 velocitatis
1246 689 1291 764 ad
1307 688 1472 766 accessio·
1528 690 1547 739 ·'

157 804 261 884 nem)
290 815 329 867 ut
375 795 566 870 uadratum
584 788 949 866 excessusveloeitaris
965 791 1127 865 maximae
1143 788 1245 890 super
1262 786 1471 890 acquisitam

153 890 200 964 esl
215 892 258 966 ad
275 822 493 993 quadratum
508 893 697 968 maximae.
723 891 823 963 Nam
841 912 887 963 ear
928 890 1041 991 topos.
1056 920 1085 964 1.
1112 890 1214 981 (hic)
1240 888 1400 993 sequitur
1417 910 1477 965 re·'

148 989 324 1067 dissentias
349 997 417 1070 elle
443 995 482 1069 in
500 990 693 1095 composita
719 988 860 1065 tatione
885 917 1144 1065 elementorum
1160 990 1471 1093 temporis&qua·

149 1089 345 1167 dratorum
369 1094 606 1170 velocitatum
628 1119 638 1179 ς
658 1112 701 1165 at
719 1089 965 1191 impressiones
991 1118 1092 1168 novae
1118 1090 1198 1166 sunt
1226 1115 1266 1165 ut
1293 1091 1471 1167 elementa

151 1193 332 1291 temporis
357 1220 422 1294 per
447 1193 584 1295 propos.
600 1220 638 1283 2,
667 1191 758 1266 &in
786 1192 867 1268 casu
893 1191 1057 1266 maxime
1083 1191 1287 1267 velocitatis
1314 1189 1471 1266 diminu-

149 1290 212 1365 tio
236 1293 444 1369 &accessio
472 1290 672 1372 velocitatis
697 1288 779 1366 sunt
806 1290 981 1396 aequales.
1020 1293 1127 1369 Unde
1152 1291 1255 1370 facile
1289 1289 1474 1386 concitus
1518 1370 1520 1375 s

155 1410 216 1468 tur
241 1394 479 1508 propositum.

202 1499 254 1583 (4)
280 1496 317 1567 St
335 1496 492 1572 rationes
518 1497 614 1574 inter
631 1493 805 1571 summam
824 1492 1112 1572 &differentiam
1132 1480 1340 1572 vdocitatis
1361 1489 1476 1569 maxi-

150 1614 219 1667 mae
234 1593 270 1666 δι
289 1594 439 1672 minoris
454 1598 655 1699 assumptae,
683 1597 749 1672 sint
769 1595 980 1685 utnumeti3
998 1621 1184 1699 tempora,
1211 1596 1473 1699 quibusassum⁴

154 1715 222 1794 ptae
245 1696 456 1774 velocitates
482 1698 562 1773 sunt
579 1697 776 1799 acquisttae‚
798 1721 907 1773 erunt
923 1720 963 1772 ut
981 1697 1228 1800 Logarithmi.
1254 1701 1353 1771 Cum
1373 1694 1472 1769 enim

155 1795 414 1875 incrementum
442 1799 648 1877 velocitatis
665 1798 706 1873 stt
722 1797 926 1875 differentia
954 1797 1051 1873 inter
1068 1799 1335 1900 impressionem
1363 1798 1399 1871 dt
1418 1822 1472 1870 re·

152 1893 372 1995 sistentiam,
397 1902 482 1977 hinc
508 1910 584 1991 (ex
601 1900 843 2002 praecedenti)
868 1897 988 1975 statim
1013 1897 1172 2000 sequitur
1198 1897 1469 1997 impressionem

149 1994 219 2071 esse
245 1998 289 2075 ad
306 2001 568 2079 incrementum
595 2002 821 2091 velocitatis,
847 2023 890 2074 ut>
899 1996 1116 2099 quadratum
1132 1997 1339 2075 velocitatis
1355 1997 1469 2071 maxi·
1489 1986 1561 2066 1³³8·
1581 2003 1633 2065 45·

150 2121 220 2171 mae
245 2099 290 2176 ad
306 2105 485 2177 excessum
500 2101 606 2194 hujus
621 2100 789 2195 quadrati
807 2098 910 2193 super
927 2095 1143 2192 quadratum
1171 2094 1350 2191 presentis
1376 2097 1478 2168 velo-

153 2196 279 2269 citatis
305 2202 512 2297 affumptae.
537 2201 599 2269 Ex
615 2219 689 2306 quo
713 2192 842 2267 scimus
867 2214 930 2289 pet
950 2188 1182 2289 quadraturas
1208 2190 1383 2262 summam
1410 2191 1480 2265 im·

156 2295 381 2394 pressionum
407 2296 490 2371 inde
507 2294 550 2368 ab
567 2292 705 2385 initio,
730 2318 809 2393 quae
832 2287 879 2363 esl
897 2286 1179 2389 proportionalis
1197 2287 1379 2386 insumpto
1390 2313 1480 2366 tem·

154 2393 268 2492 pori,
296 2394 364 2471 esse
389 2418 430 2475 ut
452 2382 762 2495 Logarithmum5
790 2387 1001 2491 sinumerut
1028 2384 1087 2485 fir„
1097 2387 1236 2489 qualem
1262 2388 1299 2463 in
1319 2389 1480 2491 proposi«,

156 2494 260 2570 tione
288 2496 354 2570 hac
380 2491 671 2570 enunciavimus.
862 2494 866 2503 ’
1019 2494 1031 2513 ““
1115 2488 1150 2569 ’,
1181 2506 1186 2517 ’

187 2603 259 2690 ‘(³)
287 2595 473 2671 Velocitas
487 2593 643 2670 maxima
667 2589 716 2668 est
743 2591 825 2671 ralis
850 2590 1046 2685 exclusive,
1073 2591 1132 2668 seu
1153 2618 1336 2694 nunquam
1364 2594 1479 2674 attins

152 2695 191 2795 gi
218 2694 351 2796 potest,
377 2695 441 2772 etsi
467 2696 511 2773 ad
538 2720 618 2771 eam
645 2693 839 2773 intervallo
865 2695 1108 2797 inassignabili
1137 2698 1344 2773 accedatur.
1372 2701 1477 2772 Nam

150 2820 237 2871 cunt
263 2796 358 2871 ratio
384 2797 432 2873 est
458 2794 688 2912 aequalitatis,
714 2796 773 2871 seu
799 2823 881 2871 cum
908 2796 1081 2874 velocitas
1107 2799 1280 2898 assumpta
1307 2796 1356 2870 est
1385 2796 1477 2871 inci·

155 2896 284 2999 piens,
310 2895 381 2973 five
405 2897 549 2973 insimte
576 2921 715 3010 parva,
741 2920 880 2996 tempus
906 2896 1097 2995 (adeoque
1120 2896 1265 2998 logar.)
1293 2894 1340 2969 est
1361 2925 1413 2986 o,
1439 2896 1477 2967 δι

153 2996 311 3098 proinde
338 3024 420 3072 cum
448 2996 492 3072 fit
517 3020 613 3071 ratro
639 2993 806 3085 infinita,
833 2993 901 3068 hoc
918 2993 988 3085 est,
1015 2998 1279 3068 cumvelocitas
1305 2996 1479 3092 assumpta

153 3096 203 3172 est
230 3097 381 3199 ipsamet
407 3098 593 3189 maxima,
620 3092 858 3195 logarithmus
881 3091 1034 3169 rationis
1061 3091 1109 3168 est
1136 3092 1325 3168 infinitus.
1354 3095 1481 3191 Itaque

155 3198 201 3274 ad
228 3226 306 3275 eam
330 3200 562 3275 velocitatem
590 3194 842 3297 acquirendam
870 3191 1019 3268 infinito
1045 3216 1120 3267 tem
1170 3221 1209 3268 re
1236 3218 1324 3293 opus
1349 3191 1481 3266 foret.

151 3298 322 3387 inveniri
349 3322 468 3376 autem
497 3297 610 3400 potest
638 3297 794 3374 maxima
820 3294 994 3370 velocitas
1021 3321 1084 3397 per
1111 3219 1184 3369 irio
1211 3290 1481 3393 experimenta;

160 3398 306 3472 collatis
333 3397 554 3499 temporibus
581 3399 617 3470 dt
643 3396 915 3487 velocitatibus,
941 3394 1031 3469 item
1082 3421 1121 3470 er
1138 3421 1204 3495 pto
1229 3423 1282 3490 .3.

157 3540 162 3549 ·
217 3503 274 3588 (6)
299 3497 338 3569 si
356 3498 568 3570 velocitates
594 3496 768 3597 acquisita
794 3499 891 3584 (AV
906 3494 1026 3592 figas)
1053 3421 1288 3569 linearium
1312 3502 1484 3584 (arcuum

163 3600 238 3674 HK
266 3598 478 3700 portionum
512 3595 720 3699 quadrantis
755 3594 936 3667 circularis
963 3597 1097 3683 HKB)
1131 3618 1236 3669 erunt
1262 3594 1373 3695 spatia
1406 3621 1484 3695 per·

160 3698 261 3775 cursa
287 3701 398 3790 (AS)
425 3721 463 3772 ut
482 3694 711 3799 Logarithmi
729 3694 865 3770 smuum
882 3694 1136 3794 complemeuti
1164 3698 1287 3787 (VK).
1305 3694 1500 3796 positorars

161 3800 260 3876 dium
280 3797 338 3873 seu
350 3799 463 3874 finum
481 3819 602 3874 totum
629 3801 744 3888 (AB)
770 3796 837 3870 csse
847 3818 886 3869 ut
904 3793 1134 3869 velocitatem
1145 3797 1358 3870 maximam.
1379 3799 1478 3872 Nam
1505 3797 1606 3868 Tam
1634 3792 1664 3865 Ι.

162 3924 207 3974 ex
222 3900 408 4001 hypothesi
429 3920 460 3975 2.
478 3899 637 4000 sequitur
655 3898 877 3972 incrementa
903 3894 1010 3997 spatii
1030 3895 1098 3970 csse
1123 3896 1162 3970 in
1180 3897 1320 3973 ratione
1338 3924 1484 3998 compo·
1505 3893 1572 3974 F1'8·
1594 3911 1625 3967 4·

163 3999 228 4075 sira
246 4001 482 4076 velocitatum
510 3997 761 4102 acquisitarum
780 3998 1099 4097 &impressionum
1116 3999 1326 4099 gravitatis,
1352 4000 1409 4075 sed
1419 4000 1486 4072 im-

165 4098 359 4201 presliones
375 4100 456 4176 sunt
484 4100 526 4175 ad
545 4102 769 4174 incrementa
786 4097 1019 4191 velocitatis,
1047 4121 1088 4174 ut
1113 4102 1344 4176 enunciatum
1371 4096 1420 4173 est
1446 4098 1486 4170 iu

165 4198 470 4275 demonstratione
500 4224 598 4316 prop.
608 4229 642 4292 4.
672 4199 770 4274 Hinc
788 4197 947 4300 sequitur
973 4199 1194 4276 incrementa
1220 4200 1327 4303 spatii
1354 4198 1421 4271 effe
1448 4196 1487 4270 in

153 4299 313 4377 ratione
341 4298 537 4398 compofita
565 4322 871 4374 incrementorum
899 4299 1102 4376 velocitatis
1126 4303 1162 4374 &
1181 4299 1418 4375 velocitatum
1436 4295 1489 4370 di·

168 4401 288 4491 reue,
314 4402 349 4474 &
371 4401 555 4499 reciproca
582 4394 722 4474 ratione
740 4399 1081 4515 excessus'quadrari
1108 4399 1272 4473 maximae
1288 4394 1492 4473 velocitatis

167 4499 272 4601 super
315 4502 501 4577 uadratum
529 4498 733 4602 assumptae.
761 4502 867 4575 Unde
892 4499 1021 4576 scimus
1048 4527 1111 4599 per
1137 4496 1369 4594 quadraturas
1395 4496 1497 4599 sequi

170 4528 412 4704 propositum.
442 4607 544 4676 Patet
573 4600 658 4676 hinc
676 4601 951 4702 Logarithmum
980 4599 1071 4673 sruus
1097 4593 1210 4666 totius
1235 4595 1302 4672 esse
1328 4627 1351 4672 o
1379 4605 1493 4687 (cunt

168 4703 343 4780 velocitas
369 4700 417 4778 est
434 4713 486 4795 ο)
513 4727 550 4778 at
578 4700 822 4780 evanescentis
850 4700 942 4777 finus
969 4693 1228 4794 complemeuti
1252 4701 1495 4814 (cumvelo-

1358 4822 1447 4876 citas
