3784 5459
485 292 616 399 '108
775 290 1282 395 -AcTa

246 488 425 587 ‘umErud
442 512 582 585 Solem.
597 507 745 585 'Pendet
763 530 881 583 autem
898 504 919 579 s
938 505 1028 580 ecies
1052 503 1177 578 orbitae
1204 530 1224 577 t
1249 499 1389 602 speciali
1415 503 1492 602 lege
1509 505 1756 590 attrabiionis.

260 607 319 666 An·
339 602 424 677 1'689·
443 612 638 686 Videamus
663 609 776 711 igitur
810 631 885 707 quae
912 532 972 679 seit
998 602 1202 678 attrahendi
1228 601 1358 677 lineam
1385 602 1579 701 ellipticam
1605 605 1716 683 saciat
1743 668 1755 706 ‚

260 680 409 749 mehr·
440 710 549 812 idque
579 707 923 810 utconsequamur,
950 704 988 776 in
998 702 1218 779 Geometriae
1237 700 1342 797 adyta
1360 723 1549 809 parumper
1575 703 1755 809 ingredia·

439 836 521 889 mut
541 808 781 911 'neceffeffic
1072 844 1077 851 ·
1565 904 1572 918 ι

491 921 568 1003 (ιο)
595 916 691 985 Cum
717 914 824 982 omn'e
852 906 984 982 mobile
1010 903 1277 980 alinet'cutva
1293 926 1399 1000 quam
1426 902 1592 978 describtt
1618 910 1761 985 recede·

441 1039 483 1087 re
511 1034 661 1086 conetur
689 1035 750 1111 pet
766 1012 847 1082 Tau
876 1031 1019 1097 entem,
1045 1003 1165 1078 licebit
1192 1025 1344 1077 conatum
1370 1001 1464 1076 hunc
1488 1029 1618 1079 uocare
1645 1017 1760 1108 excus-

367 1159 371 1168 .
437 1113 583 1211 perium,
611 1108 826 1184 utinmotu
852 1034 987 1198 sunda,
1015 1104 1074 1178 cui
1099 1103 1239 1205 equalis
1266 1100 1461 1202 requiritur
1486 1102 1563 1192 vis,
1589 1131 1665 1206 quae
1685 1136 1759 1185 mo-

445 1210 514 1283 bile
541 1234 703 1301 coercet,
732 1236 775 1283 nc
797 1232 986 1309 evagetur.
1014 1209 1116 1277 Hunc
1141 1224 1295 1278 conatum
1321 1203 1432 1274 metiri
1448 1203 1561 1274 licebit
1579 1213 1760 1304 perpendi·

436 1312 553 1383 culari
576 1314 617 1382 ix
639 1309 761 1407 punblo
779 1309 935 1404 sequenti
960 1309 995 1378 in
1006 1326 1192 1401 tangentem
1217 1300 1333 1401 puniii
1344 1305 1560 1399 precedentis
1585 1309 1763 1407 ineffigna.

439 1410 557 1484 biliter
580 1410 754 1498 distantis.
782 1412 833 1481 Et
861 1414 941 1479 cu'm
969 1407 1062 1479 linea
1089 1403 1136 1477 est
1154 1402 1358 1493 circulatis,
1385 1402 1476 1478 hanc
1502 1406 1574 1476 vim
1594 1433 1639 1479 ex
1656 1436 1762 1488 cona·

443 1510 538 1583 tibus
566 1510 727 1609 repetitis
752 1506 939 1582 collectam
965 1504 1214 1579 celeberrimus
1232 1501 1439 1601 Hugeniu3‚
1465 1504 1527 1604 qui
1537 1505 1759 1604 primus'eam

438 1609 679 1683 ¹Ge0metrice
707 1606 901 1697 cremavit,
929 1603 1119 1705 appellavit
1146 1603 1383 1699 centrrsugcm.
1412 1603 1543 1677 Omnis
1569 1630 1762 1685 autemco-

443 1728 549 1779 natus
575 1708 790 1782 excufforius
817 1705 865 1781 est
893 1704 1051 1806 respedlu
1078 1703 1283 1778 velocitatis
1309 1701 1368 1775 seu
1394 1702 1548 1804 impetus
1572 1730 1761 1787 exconatu

442 1805 913 1908 repetito'aliquandiuiino
940 1802 1105 1904 concepti
1122 1802 1264 1878 infinite
1280 1828 1427 1901 parvus,
1453 1806 1757 1902 quemadmodum

442 1903 684 1980 &solicitatio
708 1905 918 2007 gravitatis,
944 1902 1652 2077 quaehomopeneaecumipsoestnatutae.
1683 1914 1761 1986 Un-

439 2000 484 2076 de
511 2004 547 2075 &
575 2005 695 2078 eadem
722 2005 823 2079 causa
851 2006 1035 2103 utriusque
1062 2030 1130 2077 con
1163 2026 1317 2077 ematur.
1345 2004 1427 2074 Nec
1446 2003 1597 2099 proinde
1624 2008 1757 2086 mirum

440 2099 509 2190 est,
537 2103 633 2202 quod
661 2104 778 2178 voluit
806 2103 995 2190 enitens,
1023 2103 1279 2201 percussionem
1308 2101 1375 2174 effe
1402 2099 1583 2179 infinitam
1613 2132 1757 2209 compt-

438 2198 580 2276 ratione
607 2201 795 2302 gravitatis
822 2202 942 2293 nude,
969 2200 1027 2275 seu
1055 2226 1095 2274 ut
1123 2227 1189 2303 ego
1216 2201 1374 2300 loquor,
1401 2200 1567 2302 simplicis
1590 2231 1758 2303 conatus,

256 2328 328 2414 Peg.
348 2333 396 2398 gp
439 2299 538 2395 cujus
564 2303 638 2371 uim
665 2327 733 2399 ego
760 2324 922 2373 mortuam
950 2327 1079 2374 vocare
1107 2303 1225 2389 soleo,
1252 2327 1327 2399 que
1354 2302 1492 2401 agendo
1517 2304 1663 2380 demum
1674 2335 1758 2385 con·

436 2398 574 2499 'cipiens
601 2398 774 2497 impetum
803 2398 965 2498 repetitis
989 2398 1273 2497 impressionibus
1300 2399 1384 2479 viva
1403 2400 1582 2478 redditur.

489 2503 568 2587 (ιι)
594 2503 746 2569 Couurus
763 2498 992 2593 centrtfugur,
1018 2496 1243 2572 leuconotus
1270 2502 1483 2576 excussortus
1509 2503 1759 2582 circulationis

440 2597 583 2690 exprimi
605 2595 711 2692 petest
734 2592 888 2693 per'PN
907 2596 1021 2684 finum
1047 2600 1181 2693 versum
1207 2602 1326 2694 anguli
1352 2600 1576 2673 circulationri·
1607 2610 1758 2693 ιΜΘΝ

439 2694 531 2781 (vel
556 2696 653 2794 quod
680 2697 727 2769 ob
754 2694 995 2770 differentiam
1023 2697 1203 2771 radiorum
1232 2699 1509 2799 intsstgntbilem
1545 2703 1672 2775 eodem
1703 2730 1763 2778 re·

437 2791 517 2884 dit,
534 2817 607 2891 per
627 2797 781 2888 tDtT)'
802 2821 884 2869 nam
902 2794 1121 2870 finusvctsus
1149 2819 1306 2897 aequatur
1325 2799 1604 2896 perpendiculari
1626 2826 1672 2875 ex
1685 2814 1761 2878 uno

439 2902 601 2968 'extremo
628 2886 727 2968 ateste
754 2895 878 2968 circuli
905 2895 1059 2994 pontio,
1086 2894 1124 2970 in
1135 2920 1339 2998 tangentem
1364 2899 1508 2973 alterius
1525 2902 1661 2994 ducite,
1690 2928 1760 3003 qua

437 3000 608 3064 conatum
636 2994 875 3067 excussorium
903 2993 1131 3095 expreffimus
1157 2995 1194 3069 in
1222 2996 1455 3097 precedenti,
1481 3001 1617 3101 (potest
1646 3002 1758 3076 etiam

435 3089 591 3189 exprimi
619 3115 765 3166 conatus
792 3091 1012 3192 centrisugus
1039 3121 1101 3194 per
1128 3098 1228 3186 tv,
1255 3095 1494 3173 differentiam
1524 3101 1618 3175 radii
1644 3103 1681 3174 bt
1709 3100 1758 3174 se·

437 3188 551 3261 cantis
567 3186 720 3288 ejusdem
747 3218 790 3265 an
818 3192 896 3279 uli,
923 3190 1022 3287 cujus
1046 3192 1255 3267 differentiae
1281 3196 1471 3273 discrimen
1501 3227 1519 3273 a
1549 3200 1623 3276 stnu
1652 3199 1755 3274 verso

435 3284 485 3358 'esi
511 3286 724 3381 infinitefier,
750 3219 930 3382 insanies,
956 3290 1088 3377 infinite
1099 3313 1277 3389 paruum,
1303 3299 1461 3399 adeoque
1488 3301 1753 3392 nudissimum,

434 3384 596 3499 respeblu
624 3388 770 3480 radii.)
798 3390 895 3463 Hinc
924 3416 1140 3489 porrocum
1168 3392 1259 3466 finus
1282 3396 1401 3471 versus
1437 3398 1477 3471 stt
1504 3398 1543 3471 in
1571 3401 1753 3499 duplicata

435 3509 577 3560 tattone
605 3488 771 3579 chordae,
797 3487 856 3562 seu
883 3514 983 3562 arcus
1010 3490 1262 3593 inaffignabilis
1289 3493 1359 3569 five
1386 3498 1609 3590 velocitatis,
1637 3498 1754 3598 sequi-

433 3607 495 3656 tur
530 3608 668 3660 conatus
699 3590 902 3684 centrifugor
927 3591 1095 3663 mobilium
1131 3594 1287 3688 aquatili
1319 3617 1408 3667 motu
1442 3601 1585 3697 aequales
1608 3600 1755 3671 circulus

433 3684 688 3775 describentium
714 3686 776 3777 effe
801 3690 837 3758 in
863 3690 1038 3785 duplicata
1064 3692 1191 3762 ratione
1216 3694 1460 3789 velocitatem,
1487 3701 1669 3795 inequales
1697 3701 1755 3769 de·

425 3781 646 3873 scribentium
680 3786 741 3876 effe
761 3787 800 3861 'in
825 3789 954 3861 ratione
979 3788 1153 3887 campestra
1187 3795 1423 3890 exquadrata
1457 3801 1679 3873 velocitatem
1707 3795 1752 3868 (θ’

430 3880 599 3974 reciproce
625 3884 814 3961 radiorum.
989 3916 991 3921 ·
1422 3912 1425 3919 ’
1579 3971 1601 4004 r

430 4006 437 4013 ·
478 3984 734 4081 (12),Conntus
760 3992 945 4088 centrifugi
966 3994 1097 4066 mobilis
1122 3997 1309 4073 harmonice
1326 4003 1521 4077 circulantii
1532 4006 1618 4102 sunt
1645 4002 1683 4077 in
1703 4029 1759 4074 ra·

426 4076 526 4148 tione*
537 4084 710 4157 radiorum
728 4093 893 4187 reciproca
911 4093 1102 4187 triplicata.
1129 4101 1219 4174 Sunt
1231 4099 1325 4173 enim
1355 4110 1442 4203 (per
1460 4108 1748 4202 praecedentem)

422 4175 461 4248 in
485 4181 666 4292 reciproca
693 4189 897 4279 radiorum,
925 4193 961 4263 8(
988 4193 1123 4270 diresin
1152 4198 1327 4297 duplicata
1353 4204 1617 4298 velocitatum‚
1646 4203 1684 4277 id
1703 4199 1755 4275 est

395 4282 526 4376 ¹(quta
554 4284 763 4359 velocitates
790 4288 1036 4364 circulationis
1062 4295 1275 4372 harmonice
1302 4298 1382 4374 sunt
1411 4305 1597 4405 reciproce
1624 4326 1666 4375 ut
1696 4327 1753 4374 ra·

401 4375 707 4482 >dii)'duplicatn
734 4384 917 4483 reciproca
945 4390 1149 4479 radiorum3
1176 4421 1222 4467 ex
1249 4397 1406 4497 fimplice
1436 4428 1557 4477 autem
1587 4402 1753 4501 recipro-

416 4496 483 4565 ca,
513 4478 548 4547 δι
577 4482 755 4581 duplicata
784 4484 967 4579 reciproca
994 4486 1036 4558 fit
1064 4490 1245 4588 reciproca
1273 4497 1476 4596 triplicata.
1505 4507 1580 4577 Pro
1606 4500 1752 4576 calct'tlo

412 4569 455 4643 fit
497 4598 516 4648 a
542 4579 686 4674 planum
716 4578 877 4654 constans
903 4585 1033 4681 equale
1062 4584 1198 4685 semper
1232 4594 1340 4694 duplo
1367 4602 1553 4703 triangulo
1571 4605 1751 4674 ‘'elemen-

319 4740 322 4745 ,
412 4671 482 4746 tari
513 4678 589 4752 tM
601 4702 621 4773 3
634 4682 729 4770 ΜΘ
752 4679 818 4756 sou¹
840 4678 1064 4784 t'ebiangulo'
1081 4688 1148 4765 2D
1161 4712 1180 4780 3
1193 4690 1236 4764 M
1264 4692 1300 4767 in
1317 4706 1356 4786 Θ
1371 4706 1392 4770 2'
1405 4703 1450 4775 M
1467 4702 1606 4778 radium
1626 4701 1687 4774 seu
1704 4727 1747 4791 r,

1602 4826 1693 4902 ergo
