3784 5459
428 270 1195 378 ‘Euuutto'nuru‘
1283 310 1366 417 ης

127 492 237 594 pellit
254 487 402 592 amplius
419 487 588 601 propelli,
615 485 774 564 obstante
791 487 962 599 operculo
981 486 1059 563 rubi
1082 489 1139 577 V,
1167 492 1359 592 repelletur
1368 518 1446 570 cor·
1466 499 1629 573 Aletud.

24 598 33 641 ἶ
155 618 194 667 us
213 597 272 668 aG
289 588 407 665 versus
422 590 460 663 T
476 588 535 663 leu
551 589 595 665 ad
615 592 703 683 3G.
729 588 799 663 His
815 612 888 686 pam
955 585 1046 680 litis,
1072 592 1346 669 cumtcontinue
1372 620 1446 671 cre·
1466 589 1526 650 3¹¹·
1545 587 1633 677 1⁶29·

24 697 31 746 ἵ
125 618 201 765 icat
216 690 398 780 celeritas,
424 712 494 789 qua
502 687 683 790 globusG
702 686 818 761 tendit
837 712 882 761 ve
918 710 1129 761 usceutrum
1147 690 1206 780 T,
1233 694 1448 770 contratubi
1467 665 1513 729 Μ
1533 664 1612 742 ΜΨ

25 796 39 842 :·
127 786 332 866 simulantis
348 787 512 865 celeritas
529 785 651 861 versus
666 807 839 865 centrum·
855 785 1052 879 decrescat,
1078 783 1141 861 fiet
1161 789 1290 866 alicubi
1308 844 1320 884 ,
1347 795 1449 869 velut

25 903 27 942 ῑ
128 888 169 964 in
197 893 278 980 zG,
306 911 347 966 ut
365 886 446 963 tubi
470 882 697 974 circulantis,
722 882 874 998 &globi
900 885 996 961 rebla
1012 888 1056 963 ad
1079 909 1242 968 centrum
1267 889 1451 967 tendentis

130 986 333 1163 slsis:
354 981 1058 1162 “filsbrsldsss‘sslrs
1071 985 1453 1166 {²2¹{isss‘¹¹{1i¹i³

130 1113 307 1288 plindausa
322 1110 459 1259 tritrltisP
471 1181 667 1263 miliaribus
685 1234 698 1273 ,
723 1203 811 1259 tuuc
827 1110 937 1285 globi
962 1185 1131 1262 tendente
1154 1213 1267 1288 porro
1282 1143 1311 1264 d
1323 1195 1382 1268 aG
1409 1189 1455 1268 ad

132 1291 221 1382 3G,
247 1285 438 1363 intervallo
462 1283 547 1365 licet
565 1283 764 1362 multorum
790 1283 971 1384 passuum,
998 1310 1073 1361 nou
1091 1287 1289 1365 mutabitur
1314 1292 1454 1368 notabi-
1474 1289 1546 1378 Pug-
1563 1312 1630 1376 232·

131 1384 224 1460 liter
248 1378 410 1460 celeritas
426 1380 691 1472 circulationis,
716 1406 783 1457 uec
798 1380 988 1460 discrimen
1003 1383 1077 1460 ecit
1102 1387 1373 1466 notabileintet
1393 1396 1454 1470 tG

131 1485 171 1559 ἃ
185 1488 268 1581 3G,
295 1484 452 1585 adeoque
468 1480 742 1561 uecmutabitur
757 1483 967 1559 notabiliter
975 1485 1031 1560 vis
1048 1486 1270 1590 centrifuga,
1294 1491 1457 1593 quaeglo·

136 1582 184 1660 bo
209 1583 305 1661 inter
333 1588 394 1659 aG
421 1583 458 1656 be
488 1589 548 1680 3G
565 1581 739 1659 continue
753 1582 1001 1684 imprimitura
1027 1584 1183 1690 adeoque
1198 1589 1348 1689 perinde
1364 1589 1455 1682 erit,

134 1708 179 1760 ac
198 1680 222 1757 fi
237 1683 365 1785 globus
381 1682 420 1758 in
438 1687 477 1760 G
500 1684 627 1760 eodem
643 1685 726 1758 loco
749 1708 933 1777 maneret,
959 1684 1217 1789 equalibusque
1233 1689 1461 1791 temporibus

131 1783 281 1885 aequales
298 1782 541 1883 impressiones
567 1783 766 1885 reciperet.
793 1788 870 1873 Jam
898 1784 1018 1878 idem,
1044 1785 1141 1887 quod
1167 1787 1206 1862 in
1232 1787 1322 1864 rubo
1348 1785 1456 1863 finxi·
1513 1837 1519 1843 -

127 1907 232 1974 mus,
258 1881 296 1958 in
315 1882 445 1959 ethere
458 1882 649 1986 continget
665 1908 813 1976 revere,
839 1882 865 1959 li
881 1884 1028 1987 pridem
1046 1885 1090 1962 ab
1106 1887 1183 1986 ejus
1197 1887 1237 1963 vi
1254 1885 1455 2060 reatrisupa
1514 1914 1519 1927 ’

132 1982 253 2057 oritur
264 1983 446 2085 gravitas.
463 1987 563 2059 Nam
583 1985 631 2061 ob
647 1983 842 2062 maximam
859 2009 882 2054 a
895 2008 1028 2055 centro
1047 1991 1199 2082 (nempe
1211 1986 1393 2075 telluris)·
1427 1988 1456 2059 i·-

128 2080 319 2171 stantiam,
335 2082 508 2182 exiguum
524 2079 780 2168 intervallum,
805 2102 879 2177 quo
895 2102 1004 2177 grave
1021 2104 1040 2151 a
1067 2078 1113 2152 ud
1131 2104 1197 2152 nos
1221 2079 1317 2154 iuter
1334 2082 1459 2157 caden-

132 2183 220 2257 dum
238 2202 367 2254 centro
390 2176 552 2266 accedit,
579 2177 717 2250 nullum
733 2174 850 2250 facere
869 2175 983 2276 potest
1003 2176 1038 2251 d'
1057 2175 1192 2251 crimen
1210 2177 1391 2272 notabile,
1418 2205 1460 2256 ac
1521 2220 1524 2227 ·

131 2278 288 2394 proinde
305 2277 364 2352 vel
382 2274 468 2351 hinc
483 2276 623 2351 orietur
639 2274 829 2376 equalibus
843 2274 1217 2378 temporibusrequalis
1232 2277 1458 2355 celeritatum

128 2376 340 2477 impressio,
365 2375 429 2449 etsi
453 2400 525 2449 nou
553 2375 639 2447 esset
664 2396 765 2448 tanta
791 2372 932 2447 aetheris
953 2373 1156 2474 rapiditas.
1184 2381 1239 2449 At
1257 2373 1282 2448 st
1298 2378 1458 2477 gravita-

131 2501 208 2554 tem
225 2502 299 2552 uon
318 2502 339 2551 a
356 2474 393 2548 vi
409 2472 612 2575 ceuttisuga
637 2468 987 2561 circulatiouis,rsed
1003 2473 1154 2550 materia
1181 2474 1354 2575 quadam,
1380 2503 1459 2587 gra·

132 2577 195 2653 via
221 2575 324 2667 venti
342 2571 589 2673 instaryversus
615 2594 747 2649 terram
767 2570 921 2671 pellente
939 2593 1122 2673 petamus,
1148 2595 1227 2648 tum
1244 2574 1386 2651 demum
1413 2577 1458 2654 ad

131 2675 354 2855 {tlssb
370 2670 1112 2873 ‘illusus‘essislillplsbllss
1125 2671 1457 2877 simula?

133 2875 262 2980 gravia
287 2870 382 2974 apud
404 2898 515 2951 uera
562 2873 706 2949 uirunt,
778 2908 781 2913 >
1098 2878 1101 2883 ’
1294 2904 1298 2907 ·

185 2983 260 3066 (ό)
286 2971 365 3051 Etli
381 2972 484 3055 valde
492 2973 540 3048 du
567 2997 626 3047 um
645 2971 895 3049 inclinaverim
911 2973 985 3077 ipse
1006 2975 1049 3050 ad
1063 2973 1285 3077 grauitatem
1301 2973 1460 3050 avicen-

135 3073 269 3176 trifuga
287 3073 446 3153 materiae
463 3072 621 3151 aethereae
632 3112 635 3117 ·
647 3070 855 3149 circulantis
870 3078 1120 3175 repetendam,
1147 3073 1230 3149 sunt
1246 3097 1370 3149 tamen
1397 3072 1461 3149 ali·

136 3199 206 3277 qua
230 3199 309 3276 quae
327 3172 569 3253 dubitationes
579 3172 806 3275 graviflirnas
822 3173 995 3272 injecere.
1023 3178 1075 3249 Et
1092 3198 1132 3248 ut
1147 3197 1273 3248 caetera
1300 3198 1394 3247 nunc
1405 3196 1457 3247 ta-

138 3299 260 3366 ceam,
287 3275 420 3363 necesse
443 3272 495 3351 est
517 3272 689 3350 eruerem
706 3272 803 3348 banc
828 3271 923 3349 circa
940 3295 1073 3350 terram
1092 3270 1233 3348 moveri
1260 3296 1334 3347 non
1361 3271 1398 3346 in
1416 3294 1459 3347 are·

137 3394 292 3473 quatore
308 3373 345 3445 dr
367 3372 572 3470 parallelis,
596 3371 655 3447 sed
682 3373 721 3447 ia
747 3372 889 3447 circadis
914 3374 1075 3475 magnis,
1097 3373 1221 3474 quales
1244 3371 1327 3447 sunt
1351 3373 1461 3445 meri»

139 3469 243 3549 diani
277 3478 293 3557 (
319 3470 454 3571 alioqui
479 3470 603 3570 gravia
630 3495 706 3544 nou
732 3469 777 3543 ad
803 3493 968 3545 centrum
991 3471 1052 3546 sed
1077 3494 1182 3545 atrem
1209 3491 1312 3546 terrae
1338 3470 1461 3545 tende·

140 3577 252 3660 rent)
277 3567 337 3642 sed
354 3568 407 3644 ita
433 3566 655 3659 necesseest,
680 3566 846 3643 atbetern
862 3568 966 3643 illum
989 3566 1110 3644 versus
1131 3568 1231 3670 polos
1251 3572 1318 3644 csse
1344 3569 1461 3645 multo

139 3667 423 3755 confectionum
452 3665 546 3745 uude
569 3693 644 3747 uon
672 3690 849 3770 apparet,
874 3669 1059 3769 quomodo
1083 3669 1207 3771 gravia
1233 3669 1358 3744 eodem
1385 3694 1462 3744 muz

143 3769 193 3845 do
220 3767 268 3855 in
283 3767 375 3843 loeis
389 3766 564 3869 aquatoti
578 3768 614 3842 ἀ
684 3768 722 3843 lo
738 3765 869 3843 vicinis
893 3767 1014 3844 versus
1033 3793 1194 3845 centrum
1213 3768 1461 3872 impellantur,

133 3869 239 3971 ,quod
256 3886 389 3953 tamen]
405 3866 511 3961 ficri,
536 3892 602 3945 nec
655 3865 817 3943 ‘serimeu
844 3865 1026 3945 observari
1047 3869 1141 3946 adeo
1167 3870 1346 3964 notabile,
1372 3869 1463 3971 pba-

137 3978 300 4047 nouem
326 3968 484 4045 docent.
512 3968 610 4043 Huic
631 3967 841 4044 difficultati
865 3966 892 4043 fi
915 3968 1113 4045 remedium
1137 3968 1355 4059 baberetur,
1379 3965 1464 4041 saci·
1547 3976 1550 3981 '

138 4068 211 4141 lius
238 4065 336 4157 credi
409 4069 473 4141 sset
494 4067 737 4169 excogitataa
757 4069 907 4165 Keplero
926 4069 1027 4146 causa
1039 4069 1248 4171 gravitatis.
1277 4075 1348 4160 (7)
1376 4062 1463 4139 Alia

140 4164 299 4266 ejusdcm
381 4164 484 4277 gnari
503 4168 613 4265 posset
632 4164 733 4241 causa
751 4192 825 4242 non
843 4167 999 4244 obnoxia
1025 4169 1109 4246 huic
1128 4165 1353 4252 difficultati,
1378 4185 1464 4232 oon·

140 4264 317 4367 cipieudo
335 4261 601 4364 dispostionem
619 4263 775 4339 materia
794 4265 972 4365 cujusdam
989 4295 1033 4344 ex
1050 4270 1159 4372 globo
1182 4262 1320 4339 telluris
1338 4279 1398 4333 aut
1414 4257 1464 4331 al·

145 4361 390 4441 teriussrderis
408 4362 446 4437 iu
465 4387 590 4437 omnes
645 4386 716 4437 rtes
733 4364 923 4466 propulsu,
948 4393 1026 4470 quar
1042 4365 1276 4445 radiationem
1287 4354 1463 4460 quandam

173 4463 343 4556 roducat,
369 4461 564 4541 radiationi
605 4463 679 4538 ucis
695 4465 904 4566 aualogam.;
929 4464 982 4544 ira
1008 4468 1104 4542 enim
1124 4461 1328 4539 habebimus
1354 4455 1463 4530 reces-

143 4490 224 4640 dum
253 4592 273 4640 a
300 4585 426 4639 centro
452 4560 610 4640 materiae
635 4561 815 4657 aethereae,
836 4572 917 4668 quae
943 4592 1095 4664 corpora
1122 4558 1290 4636 craffiota
1315 4556 1464 4632 eandem

142 4672 210 4754 (ur
236 4661 543 4835 apibieprplicabo)
570 4662 649 4738 vim
669 4663 858 4741 recedendi
885 4691 961 4740 uon
979 4657 1491 4832 habeutlivafversuscendtrum·

279 4789 339 4836 om.
387 4816 395 4835 .
1381 4782 1412 4827 e
1483 4782 1486 4797 ·
1641 4786 1647 4795 ·
