3784 5459
460 255 1125 365 Enunlroaum.
1315 300 1401 404 μς

33 502 49 571 ,5
136 499 205 552 axe
222 497 328 576 atque
345 470 407 546 alis
424 469 485 572 ipfi
513 471 629 548 affixis
647 468 839 551 necessario
866 475 975 552 etiam
993 474 1337 578 circumgyrentur3
1365 506 1457 561 tum·
1478 480 1640 547 auriand.

39 600 47 670 ς
140 601 212 676 que
230 569 503 649 manifestissime
520 574 769 666 observamus,
796 576 892 677 quud
902 603 974 678 quo
985 574 1336 678 majorimprimitur
1362 588 1458 661 velo·
1480 568 1540 625 ⁸¹²·
1556 561 1641 651 ¹⁶82·

38 700 45 773 p
138 675 250 766 citas,
275 669 433 746 eoetiam
445 671 576 772 majori
604 699 686 749 cum
704 674 754 748 im
802 698 841 748 tu
859 702 949 776 aqua
977 677 1173 776 pertubum
1184 681 1265 752 DD
1284 687 1460 785 erumpit.
1482 641 1528 705 Μ’
1549 636 1641 733 Juim'

33 824 40 871 ,
189 779 368 849 Caeterum
396 796 525 873 prater
553 773 729 848 utilitates
757 702 863 871 iilius
891 775 1060 851 machina
1078 775 1235 878 superius
1255 783 1461 878 recensitas,

36 962 40 973 .
136 873 241 971 adjici
269 873 382 947 etiam
403 868 533 973 poffit,
559 870 656 973 quod
674 869 735 943 illa
762 897 828 971 pro
841 872 1117 972 praestantiffimo
1135 875 1220 950 folle
1240 877 1460 959 facileinser·
1572 870 1577 879 ¹

33 1032 38 1073 ,
130 974 236 1063 viat,
263 970 398 1070 iplique
427 994 547 1045 motus
574 996 594 1044 a
619 968 758 1058 fluviis,
787 973 1023 1071 ponderibus,
1050 973 1172 1048 aliisve
1200 979 1370 1076 potentiis
1396 982 1460 1058 hu·

137 1071 301 1171 jusmodi
330 1071 446 1143 multo
471 1069 609 1143 facilius
635 1071 923 1145 communicetur
949 1098 1055 1172 quam
1083 1072 1369 1180 follibusvulgari
1390 1079 1460 1156 'am

33 1210 34 1261 3
134 1170 203 1246 usu
231 1167 407 1268 receptis.
444 1167 517 1242 Hic
544 1168 636 1242 enim
666 1167 710 1244 ad
737 1171 967 1271 aperiendum
1002 1174 1037 1244 dc
1066 1172 1298 1251 claudendum
1333 1176 1457 1254 sulem

134 1269 340 1346 contrarius
366 1290 485 1342 motus
511 1267 656 1342 alternis
682 1267 890 1371 imprimere
918 1274 1055 1343 necelle
1083 1298 1155 1345 non
1183 1273 1303 1350 foret:
1341 1304 1455 1378 neque

101 1382 108 1397 ¹
133 1396 227 1472 opus
244 1367 447 1442 haberemus
465 1368 599 1459 corio,
625 1370 722 1469 quod
751 1369 793 1444 ab
819 1368 913 1471 ignis
937 1371 1059 1443 calore
1086 1371 1255 1447 facillime
1281 1375 1451 1453 vitiatur:

128 1493 315 1570 quumque
342 1467 434 1542 solus
460 1492 541 1560 aer,
567 1466 667 1568 cujus
694 1469 831 1569 pondus
857 1469 1051 1543 admodum
1080 1470 1248 1570 exiguum
1275 1473 1351 1566 est,
1378 1502 1453 1551 mo-

101 1567 269 1643 ‘vendus
296 1566 354 1641 hic
381 1591 607 1655 occurreret,
635 1570 824 1643 mediocris
851 1568 969 1669 aliqua
995 1569 1197 1643 vismotrix
1214 1571 1390 1648 sufficeret
1407 1576 1450 1652 ad

101 1682 103 1685 ’
129 1667 205 1744 alas
232 1667 404 1741 machina
430 1667 652 1743 velociffime
680 1668 895 1759 movendas,
915 1666 1346 1773 ¹uehementiffimumque·
1364 1700 1449 1749 ven·

127 1793 210 1842 tum
238 1765 492 1841 excitandum.
528 1770 653 1868 Longe
678 1792 798 1843 tamen
827 1769 942 1868 plures
970 1793 1013 1841 ex
1039 1770 1108 1843 huc
1135 1769 1286 1845 invento
1308 1772 1449 1847 utilita-

127 1892 182 1942 tes
210 1866 344 1968 percipi
371 1866 466 1967 polle
494 1864 666 1961 judicavit
686 1868 854 1968 Princeps
879 1868 1143 1954 Serenissimus,
1171 1867 1320 1945 fitenim
1332 1874 1448 1945 multo

127 1967 250 2069 sapius
277 1990 316 2041 ιιι
343 1992 434 2066 aqua
462 1992 523 2063 pec
550 1966 655 2041 tubos
682 1967 863 2041 evehenda
890 1966 962 2056 lit,
996 1992 1105 2062 quam
1130 1991 1169 2076 ut
1198 1994 1259 2064 per
1284 1993 1450 2067 apertum

132 2092 255 2143 aerem
280 2065 384 2139 salire
408 2065 565 2137 debeat.
605 2065 644 2133 Si
669 2065 781 2229 ipitur
808 2061 973 2159 legitima
1005 2084 1240 2155 proporttuue
1264 2064 1448 2140 observata

126 2187 307 2338 parentur
332 2161 442 2247 tubi,
477 2185 539 2257 per
566 2182 655 2253 quos
695 2163 751 2230 ine
779 2157 852 2229 ullo
879 2154 1138 2252 impedimento
1165 2181 1254 2255 aqua
1282 2160 1385 2256 poffit
1413 2187 1448 2235 a.

146 2261 318 2350 cendete,
345 2280 516 2359 poterunt
538 2255 613 2345 illi,
642 2254 700 2329 ubi
727 2280 782 2329 res
809 2252 1024 2367 pullulabit,
1051 2251 1156 2363 inseri
1185 2279 1354 2367 apertura
1380 2261 1447 2351 D,

127 2385 179 2534 ll
201 2351 1447 2562 ult?lllllllsslltnllfilll”llllllllrllllllsslt

131 2558 177 2636 ld
205 2580 322 2633 autem
350 2555 457 2629 valde
484 2551 681 2654 optandum
708 2552 775 2625 elle
802 2576 909 2623 nemu
944 2545 1192 2641 inficiabitur,
1226 2551 1446 2655 quandoqui-

125 2660 211 2735 dem
238 2652 430 2732 admodum
459 2652 601 2753 simplex
628 2649 762 2726 est'hoc
782 2648 1081 2740 instrumentum,
1109 2648 1354 2726 finefriuione
1365 2680 1443 2754 par·
1580 2694 1583 2699 ,

127 2759 246 2847 tium,
272 2780 335 2829 nec
361 2754 494 2830 vitiatu
520 2751 641 2825 facilee
672 2749 784 2823 &hoc
802 2748 914 2849 igitur
925 2747 1082 2848 praestare
1101 2748 1264 2849 mejuffit
1275 2752 1443 2827 Clemen-

129 2856 286 2928 tillimus
303 2854 492 2951 Princeps,
520 2876 632 2948 neque
660 2849 785 2923 dubito
812 2847 900 2946 quin
926 2847 1330 2924 tesseliciffimecedate
1358 2880 1444 2927 con·
1462 2854 1533 2941 rag,
1554 2877 1622 2938 321.

128 2952 199 3028 stat
227 2952 323 3025 enim
352 2976 480 3051 aquam
508 2949 601 3022 tubis
619 2945 788 3021 inclusam
816 2970 911 3035 aque
928 2945 1032 3018 facile
1057 2945 1191 3019 sursum
1210 2947 1328 3040 ferri,
1354 2978 1395 3024 ac
1417 2953 1444 3026 fi

128 3054 169 3126 in
198 3078 277 3126 aere
304 3073 430 3150 aperto
457 3047 596 3124 saliret:
625 3045 792 3150 quinimo
819 3044 1027 3119 observatur
1054 3044 1278 3146 aquasaliens
1304 3045 1347 3123 ad
1360 3075 1445 3125 ean·

130 3152 212 3226 dem
239 3150 466 3225 altitudinem
494 3174 675 3249 uunquam
704 3144 928 3247 pertingere,
956 3141 1037 3220 acst
1064 3172 1128 3248 per
1155 3147 1258 3220 tubos
1284 3145 1445 3224 ascende·

128 3274 208 3327 ret.
235 3255 319 3325 Huc
347 3250 459 3351 igitur
485 3249 609 3324 saltem
637 3247 707 3321 erit
725 3246 1005 3338 observandum,
1034 3270 1073 3321 uc
1090 3246 1257 3320 tuborum
1268 3247 1444 3347 capacitas

120 3352 254 3426 eadem
281 3349 515 3447 proportione
543 3346 743 3448 augeatur,
777 3375 847 3447 qua
880 3348 1054 3422 velocitas
1091 3373 1188 3446 aquae
1224 3345 1442 3421 ascendendo

123 3446 328 3520 minuitur:
357 3445 401 3517 stc
428 3448 524 3517 enim
552 3447 636 3536 fiet,
664 3447 845 3519 uteadem
873 3472 968 3545 aqua
992 3445 1173 3544 quantitas
1199 3445 1323 3519 eudem
1351 3469 1442 3519 tem·

123 3569 220 3647 pore
247 3543 376 3642 ubique
403 3541 634 3639 praeterfluat.
660 3542 780 3615 Facile
801 3565 919 3617 autem
932 3540 1166 3617 demonstrari
1195 3543 1328 3643 potest,
1346 3544 1442 3645 quod

122 3644 268 3721 didlum
293 3641 498 3742 capacitatis
525 3642 788 3715 incrementum
818 3641 978 3741 legitime
1007 3642 1199 3741 procedet,
1227 3641 1439 3720 fireuaac
1467 3653 1622 3727 Tanv.

122 3744 282 3840 (figo.)
306 3740 448 3842 aequalis
475 3740 658 3816 altitudini
686 3741 850 3840 adquam
879 3768 969 3841 aqua
998 3741 1222 3840 propellenda
1247 3741 1323 3834 est,
1350 3742 1442 3817 divi·
1465 3750 1529 3832 Fig.
1552 3757 1581 3812 u.

123 3844 235 3918 datur
262 3842 300 3915 in
329 3862 446 3943 partes
466 3841 663 3954 quotlibet,
689 3843 810 3954 quales
827 3839 1012 3954 luntCD,
1040 3842 1123 3931 EF,
1149 3843 1217 3916 FG
1229 3841 1295 3915 dcc.
1313 3842 1443 3919 ducan-

117 3965 347 4140 llllldl
363 3939 722 4113 lllllllltll
742 3940 1050 4113 lilllllllll
1073 3942 1284 4138 ,llzfl‘a
1301 3943 1442 4113 llll

116 4142 201 4216 CD
229 4138 267 4210 iu
296 4135 435 4211 ratione
460 4138 790 4238 subquadruplicata
816 4137 919 4237 ipsius
946 4143 1018 4213 AC
1047 4141 1089 4215 ad
1119 4144 1210 4213 AE:
1242 4139 1276 4209 8(
1304 4142 1367 4209 Fll
1395 4135 1443 4207 ad

121 4241 203 4315 CD
232 4235 269 4310 in
299 4236 439 4309 ratione
467 4235 591 4308 itidem
619 4235 946 4334 subquadruplicata
973 4237 1076 4337 ipfius
1103 4242 1174 4312 AC
1200 4236 1243 4312 ad
1262 4238 1353 4307 AFt
1384 4230 1443 4304 fic-

123 4364 198 4440 que
224 4334 390 4435 deinceps
416 4333 522 4434 usque
550 4333 592 4409 ad
620 4333 784 4409 ultimam
811 4338 901 4427 TZ,
928 4335 1026 4434 cujus
1053 4337 1147 4410 tatio
1175 4333 1217 4407 ad
1235 4334 1310 4403 CD
1333 4329 1444 4404 debet

122 4437 236 4512 etiam
264 4436 331 4509 elle
356 4433 687 4535 subquadruplicata
713 4434 862 4511 rationis
888 4440 959 4513 AC
986 4435 1030 4513 ad
1049 4439 1144 4508 AT.
1174 4435 1368 4504 Sumantur
1384 4429 1444 4506 de·

119 4536 281 4611 indeab
307 4534 419 4610 altera
446 4556 545 4633 parte
572 4533 675 4608 redlae
702 4537 774 4608 CA
802 4535 973 4612 distantia
1000 4536 1045 4607 cd
1058 4586 1070 4623 ‚
1096 4534 1188 4617 Ex,
1215 4531 1277 4618 Ἐγ
1304 4527 1371 4601 &c
1398 4557 1443 4620 aar

116 4636 245 4738 quales
271 4632 461 4802 ipfiilCD'
488 4638 577 4726 EX,
604 4637 671 4709 Fr
689 4634 755 4709 &u
784 4636 968 4737 dudlisque
980 4627 1116 4799 1queuis
1132 4629 1356 4801 perpuqdla&
1343 4632 1440 4721 DX,

226 4740 317 4806 Tam.
365 4788 373 4804 .
1294 4782 1304 4819 ,
1361 4754 1389 4803 c,
