3784 5459
491 287 1153 398 Erunrrornn:
1321 297 1397 431 67

163 511 248 583 tus'.
273 503 427 582 DDDD
443 501 608 583 foramen
625 506 663 582 in
681 506 800 584 medio
813 498 934 610 pistilli
946 489 1062 608 ipsum
1081 504 1468 609 persoranrsecundum
1489 500 1651 570 Ami-:rud-

169 602 444 706 longitudinem:
472 603 576 703 hujus
601 605 788 682 foraminis
814 608 986 682 diameter
1013 633 1053 681 ea
1079 608 1145 680 elfe
1162 604 1288 697 debet,
1314 631 1354 681 ut
1370 608 1468 682 flam·
1489 583 1651 727 ffifffa

171 729 228 779 ma
240 728 299 803 per
313 699 427 803 ipsum
442 704 654 797 tranfitura,
679 706 778 779 viam
795 705 958 780 inveniat
984 704 1126 781 circiter
1151 730 1246 806 reque
1265 728 1469 804 patentem,
1527 705 1535 724 ⁶
1588 681 1630 740 p.

168 829 207 877 ae
220 802 313 875 inter
339 800 429 876 duos
445 804 549 878 tubos
567 808 658 894 CC,
683 805 757 874 FF.
782 805 849 877 EE
866 804 970 878 valva
986 805 1068 880 buic
1085 802 1255 879 foramini
1281 804 1478 908 impolita,

163 898 259 996 cujus
285 900 462 975 diameter
487 929 529 977 ea
556 902 624 976 effe
651 900 782 989 debet,
815 923 854 974 ut
880 901 1039 977 foramen
1065 902 1187 977 exabie
1213 902 1403 997 occludat,
1431 909 1469 980 δι

160 998 256 1073 nihil
283 997 452 1097 amplius.
475 1003 540 1073 FF
559 1000 661 1074 tubus
677 1026 720 1072 ex
748 1000 893 1083 metallo
918 1002 991 1074 levi
1017 1000 1219 1092 eonfeflus,
1245 1023 1315 1076 tres
1338 1005 1470 1107 digitos

160 1098 281 1187 altus,
306 1093 480 1194 superiori
497 1098 607 1173 valva
624 1101 688 1172 EE
706 1096 904 1198 superficiei
921 1100 1068 1191 affixus,
1094 1100 1306 1199 eandemque
1323 1103 1395 1177 fere
1412 1103 1472 1178 ha·

159 1196 252 1269 bens
276 1193 513 1270 diametrum:
540 1197 642 1297 hujus
666 1194 743 1271 usus
767 1195 814 1270 est
839 1223 1014 1298 occupare
1041 1222 1177 1297 partem
1201 1198 1277 1274 tubi
1305 1206 1404 1294 CC,
1429 1225 1469 1277 ut

164 1291 310 1367 flamma
327 1291 502 1393 reliquum
528 1318 744 1396 occupante,
771 1296 885 1372 didius
901 1298 1006 1371 tubus
1021 1301 1094 1372 CC
1111 1318 1269 1397 tempore
1294 1301 1472 1402 operatio·

169 1391 224 1467 nis
240 1391 282 1465 ab
309 1416 387 1466 aere
414 1417 554 1468 maneat
578 1420 729 1485 vacuus,
757 1420 861 1496 atque
876 1396 927 1472 ita
943 1396 1060 1472 minus
1078 1395 1119 1471 lit
1145 1397 1310 1498 periculi,
1334 1398 1474 1502 nequis

167 1516 227 1567 aer
253 1489 428 1591 irrumpat
445 1517 506 1592 pet
530 1492 691 1570 foramen
709 1498 895 1587 DDDD,
922 1491 1115 1596 antequam
1139 1522 1159 1571 a
1186 1495 1290 1571 valva
1314 1496 1474 1574 occluda·

165 1611 247 1664 tur.
274 1595 352 1666 GG
370 1592 510 1666 tubulus
528 1592 694 1694 utrinque
710 1618 870 1694 apertus,
897 1594 1114 1672 diametri&
1133 1594 1333 1673 altitudinis
1355 1624 1407 1694 13.
1433 1597 1475 1670 li·

168 1713 331 1763 neatum:
361 1691 500 1765 tubulus
522 1692 583 1766 ille
608 1693 757 1768 fundum
773 1695 889 1769 antlia
907 1699 982 1771 ΑΑ
1023 1718 1184 1788 enetrat,
1210 1696 1340 1798 ipfique
1357 1696 1475 1799 agglu-

171 1787 301 1862 tinatus
317 1783 382 1862 est.
411 1793 479 1865 ΗΡ
496 1791 567 1865 duo
591 1792 731 1868 vascula
753 1793 930 1868 metallica
957 1722 1072 1870 eiriem
1089 1794 1199 1871 fundo
1217 1794 1472 1871 adferrumina-

168 1906 227 1976 ta,
251 1909 401 1985 quorum
419 1888 569 1965 interius
594 1896 622 1966 P
647 1892 908 1994 longitudinem
935 1892 1041 1969 habet
1070 1923 1146 1986 12.,
1171 1894 1387 1971 diametrum
1412 1920 1474 1969 ve·

163 2009 208 2058 ro
225 2013 258 2078 9.
284 1986 481 2075 linearum3
507 1990 695 2066 exterioris
714 1992 801 2064 vet'o
819 1995 858 2065 H
876 1991 1065 2103 longitudo
1082 1994 1129 2067 est
1149 2003 1203 2083 6.,
1228 1994 1404 2070 diameter
1419 1999 1471 2064 18.

160 2082 358 2159 buterum:
388 2086 537 2159 interius
563 2087 782 2158 continendo
810 2089 969 2181 pulveri,
996 2091 1151 2160 exterius
1174 2115 1262 2161 vero
1287 2090 1474 2162 continen-

165 2182 219 2254 da
246 2205 343 2277 aqua
368 2180 526 2251 dicatum
553 2178 628 2249 est.
663 2183 750 2269 Qro
775 2179 880 2277 possut
907 2179 1082 2276 ejusmodi
1108 2180 1271 2256 machina
1298 2184 1475 2272 exerceri,

164 2273 403 2352 sustentaculo
429 2274 533 2349 alicui
548 2274 669 2373 ligneo
694 2275 878 2349 inferenda
904 2275 971 2366 est,
998 2287 1014 2364 (
1021 2277 1116 2352 illius
1134 2304 1220 2352 vero
1246 2276 1397 2380 figuram
1416 2280 1474 2355 hic
1567 2335 1574 2349 .

155 2399 239 2449 *non
266 2371 434 2465 exhibeo,
461 2371 630 2473 quoniam
648 2371 750 2448 facile
768 2373 880 2472 potest
907 2376 1069 2476 concipi,
1095 2376 1262 2478 varieque
1287 2379 1397 2454 etiam
1424 2379 1472 2456 es·
1493 2335 1564 2422 Q
1584 2355 1653 2419 ω’

162 2468 253 2571 fingi
282 2470 404 2561 debet,
456 2495 497 2543 ro
514 2469 622 2544 uariis
649 2470 761 2546 usibus
775 2471 813 2545 in
833 2497 922 2586 quos
938 2473 1013 2548 vim
1033 2475 1132 2549 illam
1151 2473 1474 2556 adbibereanimua

111 2653 122 2662 ἱ
162 2570 233 2644 erit
251 2581 266 2661 )
293 2569 411 2684 aliqua
428 2497 554 2644 deinde
572 2569 753 2670 porticella
770 2568 909 2645 somrtis
924 2572 1059 2648 accensi
1076 2601 1157 2651 cum
1180 2600 1233 2669 ¹5·
1288 2579 1380 2652 ranis
1397 2579 1472 2680 pul·

159 2668 258 2742 *veris
275 2669 366 2768 pytir
383 2666 523 2746 vasculo
540 2672 567 2742 P
582 2667 810 2745 immittenda
828 2670 918 2763 erit,
945 2672 1150 2787 diflumque
1167 2602 1346 2751 vasculum
1363 2676 1401 2750 in
1419 2701 1473 2753 tu·

165 2768 252 2841 bum
269 2772 345 2842 GG
363 2766 696 2844 intromittendum:
724 2766 825 2868 hujus
841 2793 960 2845 autem
980 2773 1057 2846 tubi
1074 2775 1245 2849 diameter
1272 2801 1381 2875 quum
1401 2802 1472 2852 me-

150 2863 226 2940 ·dia
253 2861 293 2937 stt
319 2865 414 2940 inter
440 2866 580 2941 vascula
605 2871 637 2941 1²
660 2870 695 2941 δι
723 2873 783 2958 H,
833 2869 942 2942 oterit
961 2869 1075 2944 diuus
1101 2873 1203 2947 tubus
1221 2873 1316 2947 inter
1336 2898 1472 2950 utrum·

194 2987 236 3036 ue
262 2961 446 3039 vasculum
471 2962 614 3039 admitti
643 2989 750 3065 usque
777 2894 831 3039 ars
846 2965 994 3040 fundum
1022 2991 1241 3060 commune,
1274 2972 1370 3069 quod
1395 2971 1474 3047 sun-

165 2987 251 3135 dum
271 3062 450 3141 munitum
478 3061 579 3136 corio
596 3065 667 3137 &a
696 3089 760 3154 ua,
785 3063 823 3137 in
839 3064 919 3139 vase
946 3067 1117 3141 exteriori
1142 3071 1182 3142 H
1208 3077 1398 3158 contenta,
1424 3067 1476 3143 di·

165 3160 266 3237 cium
293 3158 421 3262 tubum
442 3167 518 3239 GG
543 3161 658 3247 tratti
702 3188 758 3236 me
785 3162 985 3237 obturabit:
1015 3165 1103 3239 adeo
1127 3189 1166 3239 ut
1193 3165 1309 3239 nullus
1333 3166 1375 3240 lit
1402 3192 1475 3267 me·

164 3258 293 3334 tuendi
316 3261 433 3352 locus,
460 3286 504 3335 ne
556 3262 720 3363 uic‘quam
747 3260 836 3336 atris
862 3288 922 3361 per
938 3261 1099 3337 foramen
1125 3262 1212 3338 illud
1238 3264 1378 3364 ingredi
1399 3268 1477 3367 pos-

527 3286 610 3433 sum
636 3359 724 3435 illud
752 3359 904 3460 pondere
932 3361 995 3434 suo
1020 3360 1179 3452 decidat,
1205 3363 1390 3439 adhibetur
1415 3361 1476 3441 ve·

170 3354 241 3430 lit.
268 3360 328 3430 Ne
351 3384 440 3433 uero
462 3351 529 3532 Q

170 3454 239 3529 slis
255 3456 355 3544 ΝΟ,
380 3455 442 3555 qui
469 3481 504 3528 m
531 3456 720 3533 bilistirca
745 3482 846 3531 axem
872 3458 909 3533 in
937 3462 1007 3554 M,
1030 3460 1233 3559 pondusque
1260 3464 1389 3538 habens
1414 3467 1473 3539 ex·
1507 3491 1511 3498 ·
1579 3473 1581 3478 ‘

168 3550 350 3627 eremitati
377 3557 415 3627 N
441 3554 658 3725 appensum,
692 3555 804 3629 altero
830 3556 882 3629 sui
908 3580 1077 3652 extremo
1098 3556 1231 3632 sursum
1255 3561 1371 3636 versus
1398 3591 1475 3670 pre·

486 3707 497 3744 2

166 3673 245 3726 anat
270 3653 447 3726 necelfer
525 3653 729 3754 diflumque
746 3652 894 3729 fundum
922 3654 1097 3731 retineat:
1126 3656 1239 3733 fomes
1256 3658 1300 3734 fic
1326 3657 1478 3740 inclusus

169 3749 272 3826 brevi
300 3750 471 3851 temporis
504 3752 636 3853 spatio¹
655 3779 761 3854 usque
787 3754 835 3830 ad
860 3752 1041 3856 pulverem
1068 3756 1209 3856 pyrium
1235 3760 1478 3852 comburitur,

168 3847 352 3951 ipsumque
371 3851 550 3928 accendit:
580 3850 722 3928 flamma
739 3852 822 3927 inde
850 3853 1023 3953 produfla
1048 3877 1162 3932 totam
1179 3858 1257 3932 tubi
1284 3866 1356 3936 ΛΑ
1383 3860 1478 3935 cavi·

171 3969 283 4024 tatem
301 3949 434 4052 replet,
461 3975 568 4052 atque
592 3951 644 4025 ita
671 3978 732 4052 per
756 3952 916 4028 foramen
936 3957 1122 4047 DDDD,
1147 3954 1185 4029 in
1212 3956 1341 4057 pistillo
1368 3958 1478 4035 adid

168 4072 400 4140 excavatum,
427 4075 486 4124 aer
511 4050 628 4125 subito
655 4050 862 4151 expellitur:
890 4053 997 4138 valva
1023 4054 1119 4128 enim
1136 4058 1204 4138 EE
1222 4054 1392 4133 foramini
1409 4059 1477 4129 im·

221 4144 282 4219 fita
299 4143 463 4221 facillime
482 4150 681 4242 attollitur,
708 4149 913 4252 exitumque
956 4153 1130 4229 ermittit:
1160 4158 1264 4234 tubus
1278 4156 1386 4231 etiam
1406 4155 1476 4227 CC

167 4171 313 4321 bimma
330 4244 455 4319 itidem
484 4250 657 4348 repletur,
682 4275 722 4323 ea
745 4247 867 4323 saltem
886 4179 989 4350 ipsus
1006 4278 1085 4353 pars
1100 4280 1176 4356 quae
1193 4281 1267 4328 non
1282 4274 1478 4352 occupatur

173 4344 298 4420 aruba
325 4346 411 4431 FF:
438 4369 479 4418 ac
505 4346 653 4446 proinde
677 4373 736 4422 atr
763 4372 927 4422 externus
953 4376 997 4423 ex
1023 4375 1105 4427 toto
1130 4352 1195 4425 illo
1221 4341 1335 4449 spitio
1362 4351 1477 4449 expel-

168 4439 280 4534 litur,
307 4469 419 4544 neque
447 4443 559 4546 potest
585 4444 830 4559 perforamen
857 4448 1020 4523 DDDD
1045 4452 1178 4525 iterum
1203 4443 1364 4544 ingredi,
1389 4448 1478 4549 quin

170 4541 269 4643 priua
295 4566 338 4615 ex
365 4565 441 4618 tota
459 4543 650 4620 altitudine
675 4546 751 4619 tubi
769 4547 838 4621 CC
857 4545 1060 4622 descendat:
1090 4541 1262 4643 quoniam
1291 4570 1379 4621 vero
1404 4550 1479 4622 val·

175 4666 222 4717 ua
238 4642 361 4717 EE&
390 4644 491 4723 tubus
517 4647 579 4721 FF
606 4645 649 4722 ad
670 4670 819 4747 paruam
845 4667 987 4732 tantum
1003 4640 1229 4815 alltitudinem
1247 4647 1481 4818 attrklluntur,

1094 4760 1114 4810 2
1356 4770 1435 4848 pala
