3784 5459
424 247 510 355 230
805 201 853 311 A
931 235 961 304 c
1027 222 1077 303 ,t
1162 233 1208 299 A<

186 420 351 489 ΗΜ·
371 422 490 499 viceni
508 443 640 523 agunt,
666 440 706 494 iit
722 417 896 517 quantitas
912 437 1020 495 mutus
1035 412 1176 493 differat
1194 438 1213 486 a
1230 409 1423 508 quantitate
1438 410 1569 489 virium
1587 439 1607 491 t
1625 439 1690 491 iio-

188 509 248 644 ᾗ·
265 506 352 591 1⁶⁹9·
372 524 423 599 bis
438 522 615 624 explicata
643 526 773 622 (quam
790 514 1126 616 quantitateeffefius
1142 508 1304 595 testimari
1319 507 1571 624 ostendimus),
1581 516 1690 629 pilip-

228 623 238 645 ’
262 582 350 658 ΜΨ
370 650 438 727 que
453 622 590 699 serrari
606 643 775 723 nequeat.
801 623 851 692 Et
869 618 1083 718 generaliter
1099 613 1123 689 fi
1141 613 1183 687 fit
1200 615 1372 712 corpusA
1383 609 1690 711 praeditumrnitio

287 724 289 729 ’
370 723 552 801 eeleritate
569 751 608 813 t,
634 715 1148 821 corpusveroBeelerititeyr
1174 709 1294 811 etpost
1312 707 1544 789 abiionemsre
1562 739 1696 816 corpur

368 831 408 902 A
429 822 613 925 preditum
631 820 814 895 eeleritate
839 824 900 908 (a)
925 839 1053 915 corpus
1069 832 1188 887 autem
1206 813 1237 887 B
1253 809 1437 887 celeritate
1454 815 1526 908 (y)
1546 868 1556 887 .
1582 817 1634 889 Et
1651 814 1689 893 sa

369 924 506 1000 militer
516 918 745 1007 altitudines,
764 908 1590 1017 idquascorporaAdeBaseerrderepoteraut,
1603 937 1695 1006 ante,

371 1019 635 1099 astionemfint
651 1014 892 1118 (tripediire)
906 1043 928 1087 tr
944 1015 981 1088 dr
997 1040 1040 1112 a,
1068 1008 1143 1113 post
1169 1009 1349 1086 tutionem
1364 1036 1456 1087 vero
1478 1013 1590 1103 (ηδε
1601 1021 1689 1112 (<);

372 1122 432 1219 ajo
449 1123 574 1198 debere
584 1119 650 1193 effe
662 1118 1176 1216 Ax÷uz7=ii<x>÷u<0
1196 1134 1236 1186 ut
1254 1109 1374 1187 eadem
1385 1110 1547 1186 servetur
1567 1137 1689 1213 poten·

371 1223 445 1308 tia3
473 1221 565 1296 unde
591 1217 644 1303 uti
672 1243 715 1291 ue
742 1215 925 1317 sequitur,
950 1241 1024 1291 non
1049 1214 1122 1295 sem
1170 1211 1395 1312 tpolseesse
1420 1213 1689 1311 Ae÷ssy:a

373 1324 623 1416 (εΗ-ΒΟ),
646 1244 706 1392 ieri
731 1342 805 1390 noti
832 1317 938 1418 poffe
954 1308 1103 1391 eandem
1141 1337 1264 1425 emper
1287 1307 1421 1384 servati
1445 1311 1688 1411 quantitatem

370 1444 511 1495 motus.
536 1415 724 1517 Superest,
747 1439 787 1491 ut
803 1416 924 1489 maris
935 1415 1064 1507 sonum
1081 1424 1205 1513 paucis
1217 1410 1438 1512 detegamus.
1464 1414 1517 1484 Er
1572 1411 1690 1489 uidem

373 1518 518 1595 Clariis.
538 1515 717 1616 Objedlot
732 1515 876 1591 infinita
892 1513 1035 1590 aetheris
1051 1510 1204 1587 motoris
1219 1509 1401 1587 celeritate
1417 1536 1461 1585 ne
1478 1437 1625 1611 quidem
1647 1539 1687 1587 o-

369 1642 435 1718 pus
460 1616 590 1708 habet,
612 1618 650 1693 δ(
674 1615 903 1691 libentiffime
929 1612 993 1788 ipli
1018 1610 1089 1689 line
1114 1610 1329 1713 probatione
1353 1609 1540 1701 concedo,
1567 1611 1688 1695 eeleri-

369 1738 463 1792 tatet
476 1716 726 1818 acquifitaavel
745 1714 899 1814 perditas
915 1712 943 1788 li
967 1740 1031 1788 eto
1039 1709 1202 1788 descensu
1211 1712 1268 1787 vel
1285 1706 1449 1800 ascensu,
1465 1710 1532 1785 effe
1544 1734 1583 1784 ut
1599 1733 1690 1786 tem·

312 1830 316 1840 ’
369 1841 457 1916 pora
475 1871 488 1891 .
513 1821 567 1891 At
584 1844 603 1890 e
627 1844 653 1891 o
668 1818 826 1892 VIRES
841 1815 1123 1891 MOTRICES
1140 1866 1154 1903 ,
1177 1811 1217 1887 id
1231 1808 1279 1883 est
1296 1837 1354 1917 eus¹
1368 1836 1441 1907 quae
1456 1812 1690 1906 coustantiidn¹

360 1918 476 2010 sunt,
499 1845 636 1993 ostendi
653 1942 727 1990 noti
745 1917 815 1991 effe
829 1913 1049 1990 estimandus
1067 1912 1235 2016 gradibus
1249 1909 1445 1989 celeritatis
1460 1964 1473 1983 .
1497 1911 1624 1984 Pleros
1641 1938 1684 1993 ue

366 2035 488 2089 autem
514 2013 736 2089 demittimus
768 2014 903 2112 alioqui
930 2014 1042 2086 Viroe
1077 2010 1215 2125 decepit
1242 2009 1486 2110 prejudicium
1518 2035 1561 2083 ex
1585 1938 1685 2091 sebo·

363 2111 399 2187 lu
426 2164 438 2201 ‚
463 2136 540 2211 quo
562 2110 770 2211 concipiunt
796 2134 939 2187 motum
965 2166 977 2203 ,
1003 2113 1043 2185 dt
1067 2111 1290 2186 celeritatem
1315 2117 1471 2198 (motus
1492 2109 1686 2210 gradum)

363 2232 537 2310 tanquam
563 2211 694 2287 realem
721 2211 902 2311 quandam
927 2213 963 2285 br
989 2209 1186 2287 absolutam
1211 2209 1251 2285 iu
1278 2208 1379 2289 telius
1400 2210 1650 2310 quantitatem
1676 2222 1692 2297 ¹,

366 2309 721 2410 &quemadmodum
747 2312 870 2386 eadem
886 2310 969 2386 salis
988 2311 1172 2412 quantitas
1188 2333 1254 2423 pet
1278 2310 1458 2391 mitiorem
1483 2333 1550 2385 aut
1576 2309 1690 2408 majo-

313 2431 316 2436 ’
368 2432 447 2483 rem
473 2433 574 2509 aquae
596 2408 738 2508 copiam
764 2410 1003 2501 diffiinditur,
1024 2436 1096 2511 qua
1122 2408 1416 2485 similitudine&
1440 2410 1650 2483 Robtultt‘ur
1675 2440 1692 2480 .-

186 2523 261 2603 Pag.
280 2519 350 2600 238.
367 2514 564 2607 (quantum
591 2506 765 2598 memini)
789 2510 977 2584 utebatur.
1001 2509 1111 2586 Unde
1134 2510 1266 2585 mirum
1283 2507 1363 2622 iplir
1387 2508 1552 2600 uidetur,
1579 2536 1691 2609 auge«

365 2606 397 2687 ri
423 2606 482 2681 uel
508 2603 625 2681 minui
672 2612 676 2617 ’
698 2607 748 2680 ll'e
758 2608 1001 2709 quantitatem
1026 2633 1148 2687 motus
1170 2608 1241 2687 sine
1258 2608 1428 2682 miraculo
1451 2608 1526 2685 Dei
1553 2634 1689 2690 erean-

365 2706 412 2778 tis
438 2707 496 2779 vel
524 2704 648 2780 anuibi
664 2705 793 2781 antir.
816 2709 884 2782 Sed
912 2730 1034 2783 motus
1053 2708 1092 2783 iti
1119 2708 1278 2809 respedlu
1304 2708 1453 2809 quodam
1479 2706 1645 2785 consistit
1674 2761 1691 2800 ,

363 2803 453 2903 quin
479 2804 517 2878 δι
531 2830 614 2879 eum
639 2804 752 2908 rigide
767 2806 950 2909 loquendo
974 2820 1158 2910 nunquam
1172 2808 1321 2899 existat,
1345 2832 1418 2903 nou
1442 2810 1689 2909 magisquam

366 2927 529 3002 tempus,
552 2904 691 3003 aliaque
718 2927 795 2983 tora
812 2934 968 3008 quorum
995 2932 1113 3008 partes
1129 2907 1230 2985 fimul
1253 2909 1419 2983 ellenon
1446 2910 1619 3007 polliani,
1643 2933 1687 2991 eo

365 3001 484 3076 minus
510 3002 643 3079 mirum
660 3005 730 3077 elle
753 3007 888 3103 deber,
903 3007 1146 3109 quantitatem
1172 3007 1251 3107 ejus
1274 3007 1426 3090 eandem
1443 3033 1522 3103 nott
1548 3007 1684 3083 conser-

364 3101 465 3176 vari.
489 3101 558 3179 Sed
585 3103 643 3176 vis
668 3102 741 3203 ipsa
759 3108 918 3198 muttit,
943 3109 1026 3196 (seu
1051 3108 1160 3187 statur
1177 3105 1444 3201 tetum..uude
1464 3106 1687 3191 mutatiolo-

366 3201 400 3272 ei
427 3198 606 3294 nascitur)
632 3200 681 3277 est
701 3204 900 3279 absolutum
927 3204 1097 3305 quiddam
1124 3209 1163 3282 δι
1185 3202 1396 3298 subsistens,
1420 3206 1574 3311 ,eiusque
1597 3209 1686 3293 πάθᾳ

365 3299 605 3397 quantitatem
631 3326 652 3375 a
678 3324 807 3379 natura
834 3329 907 3378 non
935 3306 1051 3387 curari
1061 3363 1077 3386 ..
1096 3308 1205 3389 Unde.
1229 3307 1341 3389 etiam
1368 3306 1540 3389 discimus
1552 3305 1688 3402 «liquid

364 3399 463 3471 aliud
486 3401 524 3471 itt
540 3401 639 3475 rebus
662 3401 726 3494 effe
740 3428 843 3500 quain
857 3406 1073 3501 emersionem
1089 3405 1137 3480 (θ’
1149 3430 1304 3500 motum,
1327 3406 1427 3509 quod
1451 3407 1583 3508 quinti
1613 3431 1689 3479 mo·

364 3497 480 3572 menti
505 3497 570 3590 lit,
594 3499 709 3579 sciunt
736 3503 999 3607 intelligenter,
1026 3506 1103 3585 Etsi
1129 3533 1252 3589 autem
1278 3507 1394 3610 ptime
1419 3505 1537 3622 speeie
1566 3505 1688 3591 videa·

365 3619 427 3704 tur
452 3650 465 3687 ,
497 3596 676 3695 duplicata
703 3603 888 3681 eeleritate
912 3605 1068 3706 ejusdem
1092 3608 1253 3709 eorporis
1278 3608 1454 3709 duplicari
1480 3609 1520 3693 dt,
1544 3607 1622 3683 vim
1649 3631 1687 3677 e-

363 3716 441 3790 rut,
466 3695 609 3770 admitti
637 3722 758 3774 tamen
785 3701 853 3779 hoc
879 3730 954 3780 non
981 3705 1115 3805 potell.
1141 3713 1226 3799 At,
1252 3707 1414 3808 inquiet,
1438 3706 1464 3785 fi
1490 3732 1554 3782 cor
1643 3709 1679 3778 A

341 3793 668 3904 -habeattgradum
694 3799 849 3900 aliquem
876 3804 1089 3896 celeritatis,
1113 3807 1150 3881 δι
1175 3806 1291 3885 eidem
1319 3807 1464 3911 corpori
1486 3832 1548 3893 rur
1566 3831 1603 3879 us
1619 3800 1676 3877 su·

360 3916 549 4005 perveniat
576 3896 715 3995 aequalis
742 3900 855 3999 priori
881 3903 1075 3981 celeritatis
1098 3905 1401 4009 gratiamneque
1425 3907 1465 3982 id
1481 3904 1576 4008 quod
1602 3926 1682 3995 erat

356 4015 467 4091 -priut
482 3990 628 4069 videtur
653 3998 808 4096 persedit
825 4000 1045 4115 duplicatum
1073 4001 1133 4083 seu
1157 4007 1371 4107 repetitum:
1400 4005 1459 4081 sed
1487 4003 1685 4106 respondeo

361 4092 548 4202 negando,
575 4116 651 4169 turn
671 4095 813 4175 demum
831 4127 927 4177 enini
954 4101 991 4178 id
1007 4103 1104 4217 quod
1123 4102 1221 4205 prius
1245 4131 1354 4199 erat,
1377 4105 1450 4185 erit
1475 4104 1685 4189 eruardu-

354 4192 556 4305 plicatum,
580 4219 660 4271 eum
688 4199 832 4299 corpori
859 4205 894 4277 A
922 4203 1141 4282 celeritatem
1167 4203 1315 4287 habenti
1341 4228 1380 4280 ut
1412 4214 1462 4298 a,
1491 4203 1684 4302 adjicietur

351 4290 454 4366 atiud
476 4299 676 4393 eorpusB,
701 4300 832 4398 aequale
855 4300 920 4399 ipsi
947 4308 1006 4392 A,
1032 4304 1142 4381 etiam
1169 4305 1392 4389 celeritatem
1417 4304 1554 4393 habeus
1571 4327 1611 4387 ut
1638 4328 1681 4395 ,1,

352 4413 433 4488 quo
454 4389 556 4502 ladio
581 4391 698 4469 fateor
718 4398 754 4469 ἃ
770 4398 848 4475 vim
873 4399 1109 4500 duplicatam.
1135 4407 1336 4498 Quomodo
1361 4431 1483 4489 autem
1509 4402 1683 4506 potentia

357 4488 612 4586 multiplicatio
639 4493 866 4586 obtineatur,
891 4522 1043 4598 torpore
1067 4501 1153 4579 lieet
1179 4529 1253 4583 non
1280 4505 1549 4607 multiplicato,
1579 4505 1683 4595 habt·

357 4610 417 4665 tur
445 4587 619 4671 methodo
644 4593 746 4694 supra
772 4595 964 4698 explicata..
992 4601 1110 4679 Fuere
1134 4598 1244 4682 etiam
1271 4605 1398 4705 quibus
1426 4602 1575 4693 errandi
1601 4631 1683 4776 pau·

457 4728 459 4733 ’
728 4730 738 4743 ’
1617 4733 1635 4778 a
