3784 5459
536 313 606 422 80
786 251 1446 416 -nfcnnf

283 519 445 604 ildAErud.
466 527 532 604 llio
555 527 651 604 inter
674 546 738 599 nos
752 519 886 622 agitata
912 544 985 590 uuo
1002 520 1114 592 verbo
1130 519 1199 593 buc
1216 519 1338 611 redit,
1365 545 1409 595 an
1428 516 1465 593 in
1485 515 1692 595 astimandis
1717 519 1772 595 vi·

284 622 344 680 ΛΠ·
362 615 446 676 ¹⁶⁸3·
466 630 572 703 ribus·
587 622 820 698 controversa
839 617 1019 695 Machina
1045 617 1150 694 solius
1161 620 1360 694 altitudinis
1379 622 1577 712 Mercurii,
1604 645 1648 695 an
1662 618 1773 694 etiam

399 713 428 758 γ’
465 721 662 800 latitudinis
688 722 824 793 alarum
851 719 887 791 δι
904 717 1017 792 vestis
1044 718 1137 790 tatio
1155 717 1277 791 baberi
1293 718 1436 793 debeat?
1462 719 1500 792 Si
1510 717 1582 794 sola
1592 719 1777 793 Mercurii

464 824 616 901 altitudo
642 818 828 920 spedlanda
845 815 906 908 sit,
932 839 973 890 ut
991 816 1183 890 arbitratur
1204 817 1425 892 Clarislitnus
1441 818 1540 910 Vir,
1565 841 1651 893 tunc
1679 820 1777 892 vires

463 923 537 1021 ejus
562 922 600 993 in
623 919 744 993 eadem
771 916 961 992 altitudine
989 939 1160 1016 perpetuo
1187 915 1475 1010 redemerunt,
1499 917 1776 1089 &pressionem

462 1023 635 1096 columna·
662 1015 851 1092 uniformis
867 1015 1022 1089 dimidiu
1038 1013 1236 1088 altitudinis
1263 1017 1519 1117 exaequabant,
1572 1042 1616 1089 ve
1641 1015 1778 1092 marbi-

462 1148 508 1196 na
536 1116 762 1221 pyramidalis
789 1114 858 1189 slve
884 1113 1091 1214 prismaticae
1117 1111 1159 1184 fit
1185 1110 1334 1211 figurae,
1369 1116 1404 1188 δι
1432 1114 1501 1188 sure
1528 1113 1613 1189 basts
1638 1115 1772 1189 sursum

282 1223 353 1310 Pag-
377 1220 538 1304 596.s1ve
563 1214 726 1292 deorsum
754 1212 934 1315 respiciat.
963 1217 1016 1285 At
1044 1211 1252 1310 fipraeterea
1279 1211 1388 1285 etiam
1417 1213 1775 1289 consideratiovedlis

464 1322 499 1394 δι
525 1313 726 1394 latitudinis
751 1316 886 1389 alarum
914 1309 1112 1385 incensum
1141 1309 1263 1382 venire
1281 1309 1404 1384 debeat
1428 1363 1438 1401 ,
1466 1334 1504 1385 ut
1533 1314 1676 1412 quidem
1705 1339 1774 1416 ego

463 1418 578 1495 sentio
593 1449 607 1518 3
642 1435 728 1488 tunc
754 1414 849 1486 vires
873 1410 942 1485 illa
968 1408 1225 1509 aequivalebunt
1262 1409 1428 1508 presssoni
1464 1413 1636 1487 columna
1663 1429 1772 1487 tantas

462 1513 719 1619 longitudinis,
744 1533 876 1610 quanta
903 1508 951 1583 est
968 1508 1082 1584 centri
1110 1508 1298 1609 gravitatis
1325 1508 1495 1583 machine
1522 1512 1565 1585 ab
1584 1511 1657 1608 ejus
1681 1510 1775 1586 sum·

462 1620 592 1693 mirate
616 1610 806 1700 distantia,
831 1609 988 1710 adeoque
1006 1606 1186 1707 prellloni·
1201 1633 1294 1681 nunc
1322 1606 1451 1705 majori
1478 1635 1571 1684 nunc
1600 1610 1735 1685 minori
1762 1659 1778 1704 ‚

488 1737 571 1788 rout
589 1709 693 1784 sollisx
710 1706 812 1804 hujus
838 1709 894 1782 vel
912 1709 1005 1782 illius
1032 1704 1237 1807 diligata,
1264 1704 1441 1807 basimque
1467 1706 1563 1783 suam
1596 1711 1654 1784 vel
1671 1712 1777 1785 deor*

284 1857 292 1868 ·
384 1835 392 1892 ζ
461 1744 538 1889 sum
566 1809 622 1884 vel
639 1804 773 1880 sursum
800 1806 978 1881 obvertit.
1005 1809 1130 1907 ltaque
1156 1804 1182 1879 st
1208 1805 1285 1879 solli
1311 1806 1507 1908 cuicunque
1534 1809 1570 1882 in
1589 1809 1776 1883 summita-

467 1937 508 1987 te
535 1906 732 2010 applicetur
759 1906 863 1980 tubus
888 1905 1098 1979 descendens
1123 1906 1166 1978 ad
1194 1904 1267 2003 ejus
1293 1903 1450 1980 medium
1478 1905 1604 2006 usque,
1630 1907 1659 1982 is
1674 1907 1778 2005 juxta

364 2031 366 2036 ⁴
463 2014 516 2087 D.
533 2007 708 2108 Papinum
736 2019 801 2078 nec
828 2004 1034 2080 dilatabitur
1061 2029 1125 2078 nec
1152 2002 1433 2103 constringetur,
1459 2005 1517 2080 sed
1544 2008 1580 2079 in
1608 2006 1775 2107 perfetilo

463 2108 535 2183 erit
548 2102 749 2204 aequilibrio
765 2115 851 2175 cum
868 2101 979 2186 tubo;
1004 2101 1177 2197 juxtame
1192 2102 1428 2193 dilatabitur,
1456 2103 1478 2175 sr
1498 2103 1582 2178 bulis
1607 2105 1775 2179 deorsum

462 2204 597 2306 speslet
614 2254 624 2291 ,
649 2195 932 2311 constringetur,
959 2196 1158 2271 srsursum.‘
1179 2196 1312 2271 Rursus
1329 2197 1353 2270 si
1369 2201 1473 2271 tubus
1490 2203 1586 2273 inter
1603 2225 1769 2276 centrum

492 2298 652 2376 navitatis
678 2297 714 2368 dt
732 2298 889 2369 medium
915 2295 1011 2368 sollis
1032 2297 1271 2384 terminetur,
1298 2319 1386 2369 tunc
1411 2296 1512 2393 juxta
1529 2299 1773 2376 Clariffimura
1889 2321 1890 2344 ²

463 2327 597 2472 i'irnn
625 2392 701 2466 base
728 2390 862 2466 sursum
885 2391 1093 2492 spodiante,
1117 2392 1211 2466 follis
1237 2393 1472 2486 dilatabitur,
1498 2396 1686 2472 secundum
1714 2421 1773 2474 me

463 2494 747 2593 constringetur3
773 2511 809 2563 at
827 2487 906 2563 baso
931 2488 1095 2566 deorsum
1116 2490 1236 2580 versa,
1262 2491 1362 2588 juxta
1381 2493 1481 2568 illurn
1508 2495 1664 2570 constris
1711 2519 1772 2571 tur

464 2599 501 2671 dt
519 2593 622 2691 juxta
649 2615 705 2664 mo
721 2588 946 2684 dilatabitur.
973 2592 1162 2682 Quacum
1179 2590 1217 2664 in
1234 2589 1320 2665 solle
1337 2593 1444 2667 etiam
1463 2594 1635 2683 minimo,
1708 2597 1776 2671 viic

465 2693 589 2769 decem
607 2687 840 2764 duodecimae
864 2687 1056 2767 excedente
1073 2689 1205 2792 digitos
1225 2743 1238 2783 ,
1265 2691 1382 2765 locum
1407 2690 1576 2770 invenire
1593 2690 1777 2786 debeant,

464 2789 603 2868 idcirco
622 2787 674 2861 rei
698 2787 889 2862 veritatem
911 2787 1046 2901 exiguo
1068 2788 1211 2905 sumptu
1237 2789 1273 2863 ἃ
1295 2791 1415 2865 labere
1442 2790 1595 2889 experiri
1619 2788 1774 2883 licebit,

463 2885 659 2994 prasertim
677 2884 701 2961 ll
718 2885 756 2959 id
773 2884 834 2959 fibi
860 2887 998 2987 negotii
1027 2889 1225 2988 proscribat
1242 2889 1363 2963 Celeb.
1377 2889 1547 2989 Papirius,
1573 2887 1671 2983 cujus
1690 2888 1776 2964 dex-

464 2987 590 3064 teritas
616 3010 656 3058 ac
682 2980 851 3058 industria
878 2984 917 3057 in
935 2987 1188 3085 experimentis
1213 2985 1434 3063 instituendis
1460 2986 1530 3085 jam
1557 2986 1688 3061 dudum
1717 3013 1775 3063 or·

463 3085 504 3163 bi
526 3083 672 3157 literato
696 3081 877 3158 notissinta
901 3081 977 3157 est.
999 3088 1212 3161 Nerbulum
1239 3086 1540 3186 igitur'deinceps
1574 3086 1639 3159 bac
1663 3086 1707 3160 de
1733 3113 1774 3161 re

464 3209 542 3264 non
560 3179 710 3274 addam,
735 3181 917 3282 quousque
939 3184 1089 3256 Natura
1102 3184 1233 3274 ludex,
1261 3183 1368 3258 adcu'
1394 3210 1410 3256 s
1428 3207 1522 3258 nunc
1540 3184 1696 3258 tribunal
1713 3185 1774 3259 ad-

465 3281 605 3361 versam
631 3303 767 3381 partem
813 3303 982 3375 tovoco,
1007 3302 1073 3379 pro
1099 3284 1273 3357 alterutro
1299 3210 1457 3357 nollem
1483 3282 1695 3358 sententiam
1722 3283 1774 3358 di·

464 3381 580 3467 xerit,
606 3404 713 3479 quarn
732 3373 756 3452 fi
776 3305 838 3453 sbi
855 3376 1051 3453 savituram
1078 3401 1239 3458 autumet
1264 3379 1411 3466 llluslris
1428 3380 1689 3473 Adversarius,
1715 3407 1773 3481 pt·

465 3504 587 3597 tutum
603 3476 791 3571 inveniet,
815 3475 878 3581 qui
889 3497 1014 3555 contra
1039 3475 1266 3586 sedepofita,
1291 3480 1442 3576 fivelit,
1466 3481 1614 3584 pecunia
1632 3503 1772 3560 contra-

466 3605 563 3660 raum
580 3598 739 3654 tueatur.
1481 3629 1483 3634 ·
