3784 5459
336 393 338 397 ,
511 290 609 414 264
885 276 934 380 A
1012 311 1041 379 c
1125 309 1159 376 ‘r
1243 277 1279 377 A*

262 499 425 570 ΝΜ·
440 502 652 617 0.V.E.
667 493 1207 640 QUADRATURA
1222 488 1766 606 ARITHMETICA

263 585 426 746 pffirpx.
497 662 721 753 eommunis
731 652 961 783 sessionum
973 655 1218 739 Conicarum
1231 677 1316 764 que
1327 671 1511 736 centrum
1523 651 1703 765 habent,

435 865 601 978 indeque
629 861 742 949 duur
760 851 1084 971 Tiigonometria
1104 851 1311 935 Canonicu
1342 849 1395 933 ud
1415 875 1763 968 quantamcunque

491 985 536 1070 iu
555 975 724 1068 uumeris
753 971 1056 1059 exussitudiuem
1088 1002 1112 1053 a
1132 964 1386 1069 Tabularum
1407 967 1633 1087 neceffirarr
1662 969 1761 1060 sibe·

449 1146 451 1149 ·
492 1125 609 1185 ueta:
638 1126 724 1182 curu
739 1094 806 1207 usu
813 1085 984 1207 speciali
1006 1088 1058 1173 ad
1068 1082 1219 1174 lineam
1233 1084 1503 1177 Rbomdorum
1533 1093 1758 1205 nauticum,

497 1240 757 1337 aptatumque
774 1207 845 1295 issi
855 1203 1205 1330 psunispburium.
1294 1244 1299 1251 ’

484 1414 569 1487 ΑΜ
596 1417 810 1506 ann01675.
828 1405 1063 1508 composrtum
1081 1403 1252 1480 habebam
1270 1400 1490 1503 opusculum
1510 1402 1745 1498 Quadratum

439 1413 478 1597 J
514 1506 769 1584 Arithmeticae
795 1506 920 1584 amicis
947 1507 991 1582 ab
1011 1506 1076 1578 illo
1092 1526 1256 1605 tempore
1272 1503 1431 1595 lebium,
1456 1503 1516 1579 sed
1535 1506 1632 1606 quod
1647 1532 1756 1583 mare·

439 1609 493 1683 ria
519 1605 581 1683 sub
599 1605 944 1685 manibuscrescente
964 1602 1092 1683 lunare
1110 1604 1154 1680 ad
1163 1602 1361 1683 editionem
1382 1630 1456 1678 non
1474 1606 1641 1700 vacavit,
1666 1607 1752 1710 post·

440 1734 548 1810 quam
562 1709 637 1784 aliae
653 1710 907 1810 occupationes
924 1706 1177 1809 supervenerez
1208 1704 1399 1805 prasertim
1424 1729 1506 1792 cum
1535 1731 1629 1781 nunc
1648 1711 1752 1821 proli·

440 1808 519 1883 xius
536 1834 717 1911 exponere
743 1809 886 1911 vulgari
906 1832 1030 1900 more,
1057 1833 1133 1909 qua
1146 1804 1309 1901 Analyfis
1318 1801 1435 1879 nostra
1453 1832 1548 1880 nova
1565 1833 1684 1907 paucis
1699 1835 1752 1882 ex·

314 1940 321 1945 ¹
442 1907 566 2002 hibet,
594 1909 762 1985 nonsatis
779 1908 1061 2023 pretiumoperae
1079 1907 1263 2010 videaturt
1291 1904 1750 2008 Interiminsrgnesquidam

445 2007 724 2100 Mathematici,
752 2008 879 2106 quibus
905 2031 1040 2081 veritas
1067 2006 1243 2106 primariae
1268 2003 1395 2083 nostru
1415 2006 1664 2106 propositionis
1689 2011 1753 2085 du·

444 2106 531 2180 dum
559 2107 598 2181 in
624 2106 795 2182 hishisis
822 2105 1007 2207 publicatae
1032 2106 1219 2197 innotuit,
1246 2133 1312 2206 pro
1329 2105 1554 2183 humanitate
1577 2107 1754 2183 suanouri

444 2205 700 2308 qualiscunque
727 2207 870 2281 inventi
896 2206 1046 2282 candide
1074 2206 1287 2281 meminere.
1316 2210 1420 2299 Quos
1445 2205 1752 2282 interlunstrnr·

438 2307 559 2400 genius
584 2306 694 2381 etiam
722 2310 826 2382 analo
851 2333 912 2380 urn
938 2305 1073 2408 aliquid
1100 2308 1138 2382 in
1166 2305 1375 2407 Hyperbola
1402 2306 1585 2407 eleganter
1610 2307 1751 2408 adjecit,

372 2476 391 2499 μ
443 2402 602 2478 anostri
628 2406 716 2480 olim
743 2333 1007 2482 schediasmatis
1047 2406 1212 2507 analogia
1237 2403 1443 2485 diversum.
1480 2411 1535 2482 Ut
1561 2408 1657 2485 enim
1691 2434 1753 2483 nus

374 2473 421 2579 ’,9
441 2502 649 2578 dederamus
673 2506 799 2581 seriem
825 2518 944 2607 {tm
961 2518 984 2604 ξ
1000 2517 1030 2577 t³
1048 2517 1088 2598 -1-
1102 2514 1125 2605 ξ
1141 2521 1172 2580 t⁵
1191 2508 1258 2582 dec.
1285 2531 1348 2607 per
1368 2505 1538 2587 circulum
1557 2534 1568 2596 3
1603 2508 1655 2583 ita
1679 2506 1752 2611 ipse

404 2603 412 2623 ²
439 2610 723 2703 {t†÷t³4{·t⁵
745 2608 809 2680 &c
839 2632 901 2707 per
919 2605 1152 2707 hyperbolum
1180 2608 1387 2721 primariam
1414 2606 1571 2681 exhiberi
1585 2608 1753 2701 notavit,

440 2706 482 2778 de
509 2728 583 2802 quo
610 2702 697 2778 adde
724 2704 820 2779 dina
847 2706 891 2779 ad
917 2704 1131 2783 schediasma
1158 2705 1217 2787 hrc
1237 2707 1446 2823 praecedens.
1473 2709 1523 2780 Et
1539 2704 1622 2781 sane
1638 2707 1755 2785 etiam

442 2803 481 2875 in
510 2802 693 2903 Opusculo
718 2800 839 2879 nostro
865 2802 1006 2882 inedito
1031 2833 1096 2882 nec
1123 2805 1187 2907 ipsr
1213 2806 1292 2889 vrso
1313 2861 1324 2898 ,
1356 2806 1449 2880 inter
1475 2805 1560 2879 alias
1595 2806 1755 2907 propost-

440 2901 557 2975 tiones
596 2929 664 2978 una
692 2902 946 2979 continebatur
981 2905 1066 2978 satis
1091 2906 1336 2978 memorabilia
1372 2907 1418 2975 ob
1444 2904 1750 3001 generalitatem,

384 3088 388 3103 s
439 3002 627 3104 ambasque
653 3002 730 3077 illas
756 3005 792 3078 &
822 3006 922 3106 plura
950 3006 1155 3107 complexa:
1183 3003 1365 3093 sessorem,
1390 3026 1501 3076 curve
1518 3006 1750 3080 coniuraver-

438 3104 502 3173 rice
527 3104 732 3202 incipiente,
759 3102 804 3174 (7
830 3108 939 3179 radiis
963 3129 1136 3181 excercere
1162 3105 1310 3197 edusiis,
1336 3103 1628 3204 comprehensum,
1648 3108 1752 3179 arisb-

439 3206 555 3275 meu‘ce
582 3208 773 3299 quadrare.
803 3209 899 3295 AT,
930 3207 1051 3306 portio
1078 3207 1182 3282 resia
1209 3207 1246 3281 in
1274 3203 1409 3285 vertice
1436 3206 1636 3309 tangentis,
1658 3233 1751 3283 com·

441 3303 611 3402 prehensa
638 3304 734 3377 inter
760 3303 935 3380 verticem
964 3310 1033 3399 A,
1060 3308 1096 3385 δι
1123 3310 1161 3382 Τ
1188 3304 1371 3385 occursum
1399 3326 1460 3381 tan
1489 3306 1584 3381 entis
1610 3307 1746 3382 alterius

258 3360 415 3521 FAB'H‘
438 3403 592 3477 extremi
620 3427 770 3478 vocetur
798 3426 834 3495 t,
861 3406 981 3481 &CB
1008 3406 1171 3483 semiuxis
1197 3405 1408 3509 conjugatus
1435 3333 1517 3496 (siu
1534 3407 1654 3499 resia,
1700 3434 1748 3483 uae

286 3477 327 3546 ¹g'
349 3480 375 3525 ¹⁰
437 3500 552 3605 potest
578 3503 826 3606 rebiangulum
860 3502 922 3579 sub
950 3506 1107 3581 dimidiis
1133 3507 1301 3583 lateribus
1328 3504 1428 3585 resto
1455 3508 1492 3580 ἃ
1520 3433 1747 3599 transverso)

437 3604 481 3677 fit
506 3602 653 3697 unitas,
691 3604 761 3678 erit
788 3602 903 3681 sessor
930 3610 1138 3684 CAFEC
1172 3607 1312 3711 aequalis
1346 3604 1556 3709 redianguso
1592 3634 1750 3722 compre·

437 3701 547 3775 henso
573 3703 635 3776 sub
653 3708 726 3777 Ac
742 3701 951 3781 semilarere
979 3706 1210 3802 transverso,
1245 3710 1281 3781 δε
1307 3706 1434 3800 resia,
1468 3707 1568 3806 cujus
1593 3709 1750 3809 iongitu-

438 3816 485 3891 do
512 3815 553 3887 srt
577 3811 965 3918 {effre-pmii„-
989 3829 1012 3918 ξ·
1037 3833 1095 3896 t⁷.
1130 3824 1206 3898 Ubi
1232 3825 1254 3898 fi
1283 3851 1367 3901 num
1394 3826 1438 3908 -1-
1469 3823 1750 3929 proHyperbo-

436 3915 472 3995 la
496 3914 590 3988 valet
617 3923 658 4005 -Ι-
682 3942 748 4015 pro
774 3920 898 4021 Ellipsr
926 3920 1069 4020 ejusque
1096 3922 1158 3997 srm
1185 3852 1349 4003 licirhma
1375 3918 1491 4034 s‘p'ecie
1515 3924 1653 4002 circulo
1689 3949 1751 3999 va·

436 4017 488 4087 let
515 4012 668 4089 minus.
703 4018 760 4091 Ita
788 4019 1003 4119 exprimitur
1039 4047 1112 4096 non
1147 3950 1262 4101 rislum
1297 4054 1387 4111 area¹
1410 4027 1556 4106 sessoris
1589 4025 1751 4104 circula·

435 4113 486 4188 ris
520 4137 580 4189 aut
616 4112 761 4190 fauoris
796 4118 1012 4217 Hyperbolae
1047 4123 1222 4222 primuriae
1264 4129 1475 4227 aequilaterae
1517 4155 1605 4214 cum
1649 4153 1751 4230 angu-

434 4214 489 4289 ius
513 4215 814 4316 Asymptotarum
846 4216 895 4290 est
930 4219 1081 4313 rebius,
1116 4223 1171 4299 sed
1200 4227 1235 4297 dt
1263 4228 1408 4306 alterius
1433 4229 1587 4306 secueris
1614 4226 1752 4341 Ellipti·
1851 4286 1852 4289 ,

435 4313 469 4388 ci
497 4338 557 4388 aut
585 4317 820 4417 Hyperbosici
849 4316 1112 4420 cujuscunque.
1141 4328 1322 4400 Craterum
1350 4356 1392 4404 ex
1418 4331 1575 4405 seriebus
1605 4326 1755 4405 infinitis

434 4439 455 4486 a
481 4439 539 4487 me
566 4414 713 4515 aliisque
738 4441 778 4490 ut
794 4420 1015 4510 Mercatore,
1030 4425 1217 4515 Newtone,
1243 4432 1403 4527 Gregorio
1420 4431 1619 4524 exhibitis,
1648 4428 1754 4532 sequi·

432 4534 494 4585 tur
510 4514 821 4615 Trigonometriae
839 4518 1034 4595 Canonicae
1060 4520 1131 4594 fine
1142 4525 1292 4600 Tabulis
1312 4532 1431 4629 praxis
1457 4557 1644 4633 quantum
1672 4533 1755 4607 libet

429 4609 580 4691 exessu.
625 4617 754 4716 Neque
779 4614 1040 4721 enimsemper
1067 4622 1223 4699 Tabulas
1250 4653 1314 4728 per
1339 4631 1451 4708 maria
1478 4634 1514 4705 sc
1543 4657 1669 4709 terras
1694 4634 1756 4708 cir·

429 4709 608 4811 cumscrre
646 4712 887 4816 impotessate
914 4719 990 4793 est.
1025 4724 1169 4823 Nempe
1204 4724 1245 4801 srt
1273 4731 1391 4809 radius
1417 4733 1568 4826 unitas,
1606 4758 1759 4811 arcusa

1631 4862 1712 4913 tan·

263 2454 333 2538 rag.
357 2475 367 2517 1
