3784 5459
83 438 104 477 V

534 326 622 434 272
941 288 1455 391 Actu·

271 498 434 568 artaud.
454 492 685 585 adhaesionent
720 506 763 584 ad
788 504 901 580 latera
927 507 1096 582 tuborum
1126 501 1230 606 ipsius
1255 522 1396 576 motum
1423 497 1621 612 plurimam
1666 524 1779 583 retar·

272 588 333 646 An.
351 586 434 659 ¹⁶9¹·
455 610 564 685 dare.
592 612 717 702 Quum
742 607 855 709 igitur
882 605 1086 680 machinam
1113 602 1185 702 jam
1205 603 1374 679 haberem
1401 600 1578 699 ejusmodi
1603 604 1711 679 tubis
1727 608 1779 681 in·
1862 592 1863 659 i

274 663 322 726 M.
330 662 416 737 Maii.

257 3768 331 3864 Pagi
351 3797 420 3862 213.

453 709 650 800 struiiam,
678 733 739 809 per
756 730 845 809 quos
870 731 930 780 aer
946 704 1057 780 libere
1084 700 1232 775 transire
1255 699 1538 802 pressionemque
1562 700 1669 779 suam
1699 732 1777 781 exe

455 835 533 884 rere
561 831 730 910 poterat,
757 828 896 881 tentare
921 804 1059 896 libuit,
1086 827 1207 876 annon
1231 802 1352 903 liquor
1369 800 1497 902 aliquis
1524 803 1643 904 magis
1664 806 1777 880 visco·

454 909 626 1011 susquam
645 933 756 1009 aqua,
808 906 895 978 osset
913 903 1024 978 etiam
1042 898 1242 980 viscositate
1268 902 1328 976 sua
1348 901 1399 976 ita
1418 902 1615 993 retardari,
1644 930 1771 980 utnon

455 1009 562 1087 altius
578 1033 640 1110 per
660 1007 726 1080 hos
746 932 849 1079 ruins
865 1003 1008 1095 saliret,
1034 1028 1143 1106 quam
1160 1029 1250 1104 aqua
1268 1029 1330 1106 per
1349 1000 1454 1076 tubos
1471 1000 1656 1103 angustos.
1685 1009 1770 1080 Suc·

453 1109 563 1184 cessus
579 1130 699 1181 autem
725 1102 1016 1204 expediationem
1035 1130 1108 1179 non
1126 1103 1251 1180 fefellit
1269 1135 1279 1178 ε
1306 1127 1417 1205 quum
1434 1100 1531 1176 enim
1550 1128 1720 1205 exempta
1735 1132 1770 1181 a·

481 1234 525 1283 ua
544 1206 746 1303 machinam
766 1206 848 1277 oleo
865 1204 1110 1306 replevissem,
1128 1199 1551 1304 nullusapparuitsaltus3
1578 1200 1638 1277 sed
1650 1206 1766 1281 oleum

452 1235 681 1382 solummodo
700 1303 881 1379 exundans
932 1331 970 1378 er
995 1306 1169 1380 lumenC
1195 1302 1319 1378 sensim
1338 1300 1529 1378 defluebat:
1557 1300 1646 1377 hinc
1657 1303 1765 1405 igitur
1863 1300 1864 1315 ¹

453 1402 728 1479 manifestissime
747 1404 883 1505 patuit,
908 1331 1093 1505 iiquorum
1119 1403 1354 1480 viscositatem
1382 1400 1624 1502 ruborumque
1646 1404 1764 1478 lateri·

452 1505 517 1580 bus
543 1500 772 1579 adhaesionem
800 1503 994 1605 plurimum
1021 1503 1215 1606 impedire,
1241 1502 1433 1607 quominus
1456 1499 1762 1605 theoreticaeleges

451 1601 642 1705 aequilibrii
668 1603 850 1706 liquorum
877 1603 1060 1678 observari
1111 1628 1245 1682 ueant:
1280 1629 1392 1704 quum
1426 1627 1513 1703 ergo
1538 1600 1688 1676 secretio
1710 1604 1752 1677 li·

480 1728 608 1779 uorunn
636 1728 698 1804 per
722 1701 962 1778 filtrationem
989 1730 1062 1778 non
1085 1631 1155 1780 iat
1181 1704 1245 1780 nist
1263 1730 1325 1804 per
1343 1726 1449 1817 poros
1475 1700 1761 1802 angustissimos,

450 1729 649 1904 debeatque
675 1825 842 1904 preterea
868 1828 998 1906 magna
1024 1804 1093 1880 esse
1116 1805 1321 1908 congruitas
1348 1824 1443 1876 mter
1467 1826 1583 1902 partes
1609 1800 1699 1877 sistri
1722 1804 1758 1876 δι

452 1923 573 2003 partes
590 1902 741 2004 liquoris
763 1901 919 1995 filtrati,
954 1904 1113 2006 sequitur
1138 1904 1235 2012 quod
1261 1904 1301 1979 in
1327 1899 1428 1977 filtro
1454 1900 1647 1977 necessario
1671 1900 1757 1978 sem·

449 2026 515 2102 per
540 2002 609 2076 erit
634 2025 764 2103 magna
790 2002 946 2103 partium
974 2003 1156 2097 adhaefio,
1190 2031 1266 2106 quae
1298 1999 1430 2077 resistet
1463 1999 1594 2102 liquori
1615 2002 1756 2103 gravio·

449 2099 515 2192 ri,
550 2099 820 2201 impedietque,
855 2102 1046 2203 quominus
1074 2101 1177 2205 ipfius
1204 2103 1332 2205 pressio
1363 2099 1448 2176 satis
1466 2100 1688 2191 ¹interveniat
1711 2099 1756 2175 ad

448 2199 627 2299 liquorem
653 2198 828 2273 leviorem
855 2201 1363 2304 adrequifitamaltitudinem
1382 2198 1671 2303 propellendum.
1703 2204 1753 2274 Ac

450 2296 533 2371 sane
560 2325 623 2400 per
640 2296 959 2375 constantisfimam
976 2302 1239 2404 experientiam
1258 2328 1384 2379 notum
1402 2297 1471 2392 est,
1524 2300 1594 2376 uod
1611 2298 1754 2374 secretio

449 2397 476 2468 li
505 2421 631 2469 uorum
683 2420 721 2468 er
743 2394 980 2474 filtrationem
1009 2429 1081 2475 non
1100 2400 1283 2504 perficitur
1309 2396 1373 2477 nisi
1415 2427 1470 2476 ars
1496 2325 1588 2475 sistri
1605 2401 1756 2474 exterior

450 2421 791 2569 viide'sensiilirer
818 2495 1005 2573 descendat
1031 2499 1125 2576 insta
1150 2498 1372 2605 superficiem
1391 2428 1545 2602 iiquoris
1572 2496 1730 2575 sistrandi
1745 2530 1772 2579 a.

446 2590 563 2765 quia,
589 2590 754 2685 scilieet,
780 2593 862 2669 satia
888 2622 1021 2697 magno
1045 2602 1201 2702 pondere
1227 2629 1314 2704 opus
1339 2600 1416 2695 est,
1442 2627 1512 2702 qnp
1538 2596 1695 2699 liquoris
1720 2598 1756 2673 in

477 2690 550 2764 ltro
567 2691 714 2766 adhaefio
740 2690 896 2794 superari
914 2722 1047 2810 queat.
1075 2702 1186 2795 Quod
1212 2701 1237 2777 fi
1263 2725 1469 2804 regeretur,
1496 2700 1591 2799 posse
1618 2722 1687 2799 pro
1704 2698 1758 2772 su·

447 2790 527 2864 bitu
553 2790 676 2890 augeri
690 2789 775 2865 vafis
801 2794 838 2866 &
858 2795 933 2868 tubi
953 2799 1210 2895 altitudinem,
1237 2803 1324 2878 adeo
1343 2826 1382 2878 ut
1397 2801 1465 2877 sine
1482 2797 1593 2873 dubio
1614 2797 1758 2872 obtine·

442 2888 481 2965 ri
506 2913 614 2989 queat
641 2888 826 2991 requisitus
859 2894 1012 2968 excessus
1046 2901 1212 2997 ponderis
1245 2902 1389 2973 alterius
1420 2894 1460 2968 su
1487 2918 1527 2971 re
1562 2893 1753 2969 alterum:

443 3012 559 3089 quum
582 2986 729 3064 interim
757 3015 831 3066 non
850 3016 1022 3107 augeatur
1046 2994 1191 3072 adhaesio
1215 2996 1254 3071 in
1276 2990 1404 3086 filtro,
1430 2919 1521 3067 ilsird
1546 2991 1642 3066 enim
1666 2993 1755 3067 senr-

443 3085 632 3188 peridem
657 3089 696 3163 in
742 3112 819 3165 arte
836 3093 914 3167 tubi
931 3093 1102 3171 inferiore
1117 3096 1333 3175 remanebit.
1361 3099 1445 3196 Ego
1456 3091 1514 3167 res
1556 3092 1667 3182 ndeo,
1692 3118 1754 3166 au·

444 3185 504 3261 &a
530 3185 576 3260 fic
602 3117 793 3263 altitudine
820 3191 897 3264 tubi
925 3219 1000 3266 non
1027 3194 1237 3294 sperandum
1263 3196 1357 3285 effe,
1384 3192 1483 3294 quod
1522 3192 1625 3293 iquor
1652 3187 1757 3266 filtro

443 3309 509 3457 per
519 3286 738 3386 superiorem
766 3287 845 3363 tubi
863 3313 1004 3389 partem
1021 3290 1143 3373 senfim
1160 3294 1322 3383 delabens
1339 3293 1383 3369 ad
1400 3291 1552 3379 fundum
1570 3288 1680 3393 usque
1696 3289 1755 3366 de·

461 3385 607 3479 eendat,
635 3410 674 3461 ut
693 3385 745 3461 ibi
771 3385 903 3463 iterum
920 3387 1104 3470 filtreturr
1131 3390 1352 3499 experientia
1370 3391 1468 3468 enim
1486 3389 1646 3482 constat,
1660 3389 1755 3491 quod

441 3483 599 3578 vinum,
626 3485 785 3587 exempli
810 3488 927 3588 gratia
954 3488 1117 3570 fisenstm
1143 3523 1161 3570 a
1191 3524 1240 3571 uae
1255 3493 1494 3586 infundatur,
1520 3490 1756 3592 supernatat,
1866 3576 1867 3591 χ

441 3607 557 3684 neque
583 3584 653 3659 alte
678 3585 718 3663 in
744 3612 821 3661 eam
894 3612 1015 3666 netrat
1040 3595 1106 3671 nisr
1129 3522 1281 3672 viiidinr
1307 3591 1538 3671 concutiatur
1565 3615 1629 3666 aut
1656 3615 1752 3665 conr·
1866 3632 1867 3689 3

443 3705 659 3759 moveatur:
689 3684 784 3785 quod
810 3684 835 3760 si
853 3687 1009 3861 n{quotes
1033 3694 1287 3790 adhibeamus,
1313 3694 1376 3799 qui
1403 3712 1552 3866 propter
1578 3688 1753 3789 majorem

438 3781 599 3954 partium
624 3783 850 3885 congruitate
898 3843 910 3881 ,
936 3790 1074 3883 facilius
1092 3792 1152 3868 fibi
1170 3796 1326 3872 invicem
1344 3818 1458 3895 permt
1475 3814 1646 3881 ceantur,
1671 3814 1752 3891 qua·

454 3904 490 3954 ea
509 3879 590 3954 sunt
619 3908 709 3982 aqua
726 3882 838 3957 duleis
865 3888 901 3960 8r
920 3916 1008 4002 aqua
1027 3890 1137 3968 salsa:
1168 3916 1245 3971 tum
1263 3892 1422 3971 ostendet
1439 3890 1681 3994 experientia,
1706 3887 1751 3961 il·¹

438 3979 494 4054 los
511 4005 573 4093 per
589 3977 827 4059 filtrationent
856 3988 925 4060 ase
943 3989 1098 4065 invicem
1126 3992 1261 4071 secerni
1287 4020 1362 4070 non
1382 3994 1478 4095 posse
1498 4024 1506 4066 ι
1536 4016 1612 4065 non
1640 3987 1750 4091 igitur

435 4079 584 4171 dubito,
606 4080 695 4255 quin
706 4082 776 4157 Vir
791 4081 1174 4185 sagaciffimusnussum
1192 4094 1361 4172 haetenus
1378 4115 1520 4171 motum
1538 4109 1749 4195 perpetuum

435 4204 524 4281 pure
547 4203 616 4255 artr
645 4182 771 4259 ciasem
797 4182 837 4260 in
852 4184 969 4263 lucem
987 4190 1154 4289 prodiisse
1168 4192 1340 4276 fateatur.
