3784 5459
844 158 849 195 l

533 291 595 398 82
899 284 1291 389 Acta

265 524 433 590 ‘Amssrnd
502 506 665 583 Partibus
689 524 861 605 aquatum
888 497 1077 598 aequalibus
1102 520 1185 572 cum
1210 489 1506 596 spitituvitrioli
1531 487 1768 580 commixtis,

270 612 331 671 An.
349 611 434 673 ¹68&
454 631 574 684 toturn
601 604 640 679 in
657 604 791 704 pultem
818 596 901 672 latis
927 621 1112 687 tenacem,
1138 591 1498 677 tabiuiniltilominus
1525 590 1766 669 adherentem

271 688 317 750 M·
333 688 418 756 Νῦν·
452 734 517 784 nec
535 702 685 805 amplius
710 696 1017 788 indurescentent,
1044 697 1150 771 abiit.

498 810 627 882 Suetus
642 799 751 904 quicu
773 884 777 889 ⁴
801 825 846 874 ue
864 795 984 873 acidus
1010 794 1221 886 destillarus,
1246 795 1355 873 etia'm
1372 793 1507 870 suntme
1525 790 1669 881 debilis,
1694 791 1766 881 cal·

448 906 499 981 eis
513 901 669 980 candida
696 901 784 976 dilso
801 900 963 973 urionem
981 894 1099 975 subito
1116 893 1304 997 praestitit,
1329 896 1469 999 liquore
1488 892 1629 995 penitus
1645 888 1767 991 iufipi-

448 1006 496 1083 do
513 1005 548 1078 u
566 1000 763 1078 acrimonia
789 998 942 1101 spoliato
964 1019 1190 1072 remanente.

496 1104 577 1179 Sale
592 1100 779 1179 communi
793 1100 867 1200 jam
883 1097 1047 1173 extrailo
1063 1099 1099 1170 dt
1116 1118 1211 1171 terra
1229 1095 1267 1171 in
1285 1095 1413 1198 spiritu
1431 1092 1523 1170 aceti
1538 1091 1692 1169 seorsum
1708 1091 1766 1175 so-

448 1205 554 1297 lutis,
580 1229 620 1279 ac
639 1201 796 1277 invicem
813 1222 854 1277 ut
872 1199 1062 1274 unirentur
1090 1193 1208 1297 postea
1226 1195 1454 1289 commixtis,
1480 1220 1562 1269 cunt
1579 1194 1700 1296 liquor
1727 1222 1765 1268 e·

447 1324 704 1404 vaporaretur,
730 1299 860 1376 restitit
876 1295 925 1373 sal
939 1296 1073 1389 odore,
1090 1295 1191 1372 tablu
1205 1296 1244 1372 dt
1260 1295 1385 1398 sapore
1401 1295 1504 1372 alcali
1522 1293 1649 1370 tartari
1666 1293 1764 1412 aspi·
1875 1308 1876 1317 ’

437 1402 524 1478 -rit'u
539 1402 633 1479 aceti
647 1400 843 1478 saturatum
860 1394 1036 1491 referent,
1062 1395 1253 1475 candidum
1260 1394 1409 1489 tamen,
1435 1394 1532 1471 baud
1547 1394 1689 1495 nigrum
1706 1418 1765 1469 rn-

441 1502 641 1595 -starillius,
666 1501 764 1603 quod
779 1498 818 1574 iu
828 1496 1063 1600 produclione
1077 1497 1164 1574 alias
1180 1520 1284 1572 rerrae
1298 1496 1430 1575 foliatae
1445 1518 1622 1571 remanet.
1650 1493 1766 1587 Quod

439 1601 498 1678 -sal
513 1625 759 1704 regeneratum
774 1597 916 1700 spiritui
933 1596 1012 1673 vini
1029 1596 1208 1688 inditum,
1235 1622 1331 1698 nque
1348 1596 1528 1699 aeglacies
1545 1596 1583 1670 in
1599 1620 1690 1695 aqua
1705 1620 1767 1669 ca-

443 1700 540 1792 lida,
558 1725 677 1777 totum
693 1696 868 1781 diffluxit.
1336 1745 1338 1749 «
1466 1762 1470 1771 ,

440 1870 445 1875 .
497 1792 1765 1898 Salidemdestillationisubjeilunt,phlegma&oleumcolorisobscuri

357 1906 361 1914 “
438 1894 1768 1997 -citrinumaemulantie,cumodorenonadeograveolento,suppeditavit.

496 2003 692 2101 Purgatutn
709 2000 745 2072 ἃ
756 1999 800 2074 ad
809 1996 984 2073 refiduum
993 1997 1063 2081 srve
1073 2022 1114 2072 ea
1140 2018 1178 2070 ut
1189 2019 1372 2071 mortuum
1383 1994 1620 2087 calcinatum,
1637 1995 1674 2068 in
1685 2020 1771 2071 aere

269 2106 340 2190 lag.
361 2107 427 2189 613.
447 2097 551 2201 supra
578 2099 735 2174 tabulam
761 2096 917 2170 vitream
932 2096 1102 2169 inoleum
1116 2021 1186 2168 bue
1194 2095 1371 2194 liquorem
1389 2094 1587 2170 lixivialem
1596 2093 1768 2170 delicuit.

498 2203 597 2275 Cum
615 2220 743 2299 parum
756 2193 837 2285 salis
851 2192 999 2269 saturati
1019 2193 1057 2267 in
1075 2217 1264 2267 nummum
1289 2217 1426 2271 aeneum
1449 2194 1639 2293 antiquum
1656 2194 1769 2292 proji-

449 2321 612 2386 ceretur,
664 2295 734 2368 uod
751 2292 925 2392 temporis
937 2292 1180 2367 diuturnitate
1200 2291 1353 2366 multum
1372 2290 1764 2370 corrosumuflammae

447 2395 601 2471 candelae
617 2320 802 2473 alanorum
819 2413 916 2480 erat,
943 2391 1049 2491 paulo
1068 2388 1145 2489 post
1159 2389 1413 2483 sublimatum,
1438 2417 1479 2467 ac
1495 2419 1558 2494 per
1574 2419 1764 2471 nummum

447 2494 487 2568 in
506 2492 689 2571 filamenta
704 2489 846 2565 subtilia
863 2490 897 2563 dt
917 2513 1042 2583 acuta,
1068 2488 1186 2590 qualia
1203 2490 1241 2566 in
1260 2491 1387 2566 arbore
1404 2493 1545 2593 argenti
1561 2492 1647 2568 licet
1665 2495 1765 2571 vide·

444 2619 507 2686 re,
533 2593 750 2692 explicatum
765 2589 850 2664 fuit.
1026 2654 1032 2663 .
1206 2628 1209 2635 >
1290 2654 1295 2667 ,
1374 2640 1376 2646 -

498 2691 654 2769 Interim
681 2691 720 2764 in
746 2691 885 2766 nummi
911 2690 1096 2793 superficie
1122 2692 1338 2794 undique&
1365 2694 1495 2795 supra,
1522 2694 1558 2766 ἃ
1583 2690 1700 2784 infra,
1728 2696 1766 2770 ἃ

448 2792 487 2868 in
515 2789 707 2893 margine,
738 2789 972 2891 copiolilsrma
1005 2791 1107 2867 fimul
1132 2792 1273 2893 argenti
1300 2793 1376 2873 vivi
1401 2817 1514 2895 grana
1529 2817 1764 2893 comparuere

446 2889 620 2992 dispersa,
644 2890 828 2991 ipsumque
839 2890 1023 2966 metallum
1049 2891 1231 2993 integrunt
1258 2893 1379 2969 colore
1404 2891 1761 2994 argenteotinclum.

497 2990 670 3091 Ejusdem
695 2989 776 3065 salis
800 2989 934 3089 aliquid
961 2990 1000 3064 in
1027 3017 1157 3069 aeneam
1184 2993 1354 3069 laminam
1382 2993 1532 3068 nitidam
1548 2993 1763 3068 &excande-

445 3088 579 3166 fadlam
605 3087 986 3190 projeclum,.partim
1004 3092 1183 3181 avolavit,
1211 3092 1340 3193 partim
1361 3118 1425 3193 per
1449 3092 1620 3167 laminam
1632 3091 1762 3192 disper·

446 3191 552 3281 sum,
575 3211 694 3263 totum
714 3188 818 3286 hujus
835 3188 1010 3263 ambitum
1031 3190 1151 3265 colore
1169 3213 1340 3292 argenteo
1356 3191 1488 3282 tinxit,
1516 3191 1644 3294 absque
1654 3218 1697 3268 eo
1708 3216 1763 3268 ta·

447 3315 551 3377 rnen,
578 3311 619 3363 ut
634 3287 747 3363 ullum
767 3288 936 3363 mercurii
952 3314 1104 3391 granum
1130 3315 1199 3365 una
1216 3289 1483 3367 observaretur.

375 3456 380 3465 .
495 3388 694 3491 liquorum
717 3388 884 3464 alterutri
916 3392 1036 3465 oleum
1063 3389 1241 3465 olivarum
1267 3389 1469 3466 admixtum
1495 3389 1759 3485 fermentavit,

445 3490 615 3589 brevique
631 3510 795 3589 tempore
820 3488 859 3563 in
875 3487 1102 3564 substantiam
1122 3491 1348 3581 butyraceam
1367 3488 1475 3566 abiit.
1497 3554 1500 3561 ι

493 3586 630 3687 liquor
648 3588 781 3686 primur
799 3588 836 3662 δι
852 3587 996 3687 spiritur
1012 3589 1089 3665 vini
1110 3588 1335 3690 purissimus,
1355 3591 1473 3691 quoad
1500 3615 1617 3704 partes
1644 3596 1756 3670 anati·

442 3712 501 3762 cas
517 3686 710 3761 commixti
725 3712 913 3787 paucarum
943 3688 1113 3765 horarum
1130 3686 1244 3788 spatio
1257 3682 1401 3765 fuirunt
1420 3691 1533 3765 uniti.

402 3878 411 3895 .
492 3789 611 3861 Terra
623 3784 712 3888 igni
730 3812 795 3887 pro
845 3786 1007 3865 ttionato
1023 3787 1067 3863 ad
1083 3788 1331 3865 calcinandum
1348 3787 1503 3890 expofita
1520 3789 1642 3867 subito
1658 3797 1755 3870 colo·

416 3906 423 3919 ⁸
443 3911 520 3960 rem
547 3885 655 3961 allum
684 3884 724 3960 lit
745 3887 793 3963 ob
807 3913 955 3979 curum,
981 3886 1092 3962 trium
1114 3914 1202 3962 vero
1221 3886 1390 3965 horarum
1410 3888 1524 3991 spatio
1542 3893 1660 3969 denuo
1678 3922 1758 3970 eva·

443 3986 484 4060 srt
511 3984 650 4060 candidi
697 4011 773 4062 ma.
799 3990 887 4063 Haet
905 4010 1001 4062 terra
1018 3988 1253 4089 quadrantem
1264 3990 1439 4088 pendens,
1466 3992 1557 4066 aceti
1577 3992 1758 4096 phlegma·

438 4087 490 4160 tia
506 4085 586 4187 puri
610 4085 706 4161 librat
732 4085 879 4189 integra
899 4085 1063 4185 injriia,
1089 4109 1129 4163 ut
1148 4087 1217 4161 hoc
1244 4088 1463 4182 imbiberet,
1488 4086 1651 4192 saporem
1679 4095 1758 4170 vini

440 4184 595 4263 adinllar
613 4183 739 4262 austeri
755 4187 961 4279 contraxit,
987 4188 1121 4264 &mox
1139 4209 1218 4263 tota
1236 4188 1350 4265 soluta
1358 4187 1537 4289 liquorem
1555 4195 1760 4297 magiscan·

438 4286 562 4361 didum
581 4286 617 4359 dt
636 4308 919 4386 transparentenr
940 4341 953 4380 ,
978 4313 1086 4388 quam
1114 4285 1210 4389 prius
1226 4312 1335 4381 erat,
1360 4288 1537 4382 reddidit,
1563 4292 1758 4397 saporeque

438 4386 534 4460 inter
552 4384 690 4461 dulcem
719 4385 959 4486 &insipidum
986 4387 1107 4462 medio
1123 4387 1254 4463 imbuit
1272 4445 1282 4463 .
1305 4392 1396 4482 Quat
1412 4388 1545 4465 solutio
1573 4391 1757 4497 postquam

438 4485 476 4556 in
497 4484 622 4560 balneo
641 4479 818 4585 vaporoso
844 4485 1022 4559 leniffimo
1042 4485 1085 4561 ad
1103 4485 1277 4562 residuum
1295 4488 1404 4564 instar
1422 4488 1493 4564 olei
1520 4489 1590 4568 live
1601 4496 1697 4571 muci
1706 4495 1757 4572 sa·

431 4583 486 4655 -tis
502 4582 649 4677 viscidi,
674 4581 819 4661 candidi
847 4586 882 4658 8(
910 4582 1052 4686 penitus
1078 4584 1217 4687 inlipidi
1235 4590 1544 4690 effetevaporata‚
1571 4620 1757 4672 remanens

438 4681 496 4756 tia
524 4678 836 4783 hujusdiaphanae
864 4710 943 4789 para
971 4711 1130 4763 unarum
1159 4686 1259 4788 panis
1285 4688 1320 4763 ἃ
1347 4690 1485 4785 carnis,
1510 4697 1756 4798 conquassato

1618 4822 1702 4872 rum
