3784 5459
467 306 554 381 220
872 262 1030 367 Ac
1114 242 1370 401 ιῇι·ι

200 472 363 549 dffiull·
384 482 571 587 occupabit
597 484 636 558 in
662 480 818 584 Siphone
842 476 1108 580 longitudinem
1135 472 1319 574 plusquam
1343 493 1384 563 13
1405 470 1534 572 pedum
1556 527 1568 568 ,
1594 476 1703 557 lister-¹

200 567 261 626 ΛΠ·
278 564 363 652 1⁶99·
383 614 452 692 que
470 583 618 687 proinde
646 581 749 684 ipfius
765 578 920 655 fluxum.
946 577 1060 653 Ratio
1076 595 1218 664 autem,
1243 594 1307 645 cur
1333 590 1435 646 tanta
1452 573 1545 647 aeris
1561 581 1709 677 quantif

201 643 249 706 Μ’
267 642 355 718 Mili
385 704 685 786 taterumperet,
710 681 782 754 haec
801 678 876 753 est:
932 676 1001 750 uod
1026 672 1201 748 nimirum
1227 694 1379 772 corpora
1405 670 1546 749 elallica
1573 680 1702 772 tensa,

385 788 471 864 dum
486 783 555 858 sese
582 781 790 871 restituunt,
817 803 891 852 non
905 704 1026 849 latim
1045 768 1228 846 subfistunt
1246 769 1284 842 in
1304 767 1380 868 ipso
1396 772 1541 869 punblo'
1551 777 1703 875 quietis,

385 887 445 963 sed
461 885 596 983 impetu
620 882 694 982 jam
719 899 895 978 concepto
922 873 1070 948 ulterius
1093 884 1267 972 pergunt,
1295 871 1436 945 necnisr
1464 872 1540 986 poll
1569 877 1616 948 ali
1643 904 1703 953 uot

385 984 607 1062 vibrationes
624 979 667 1055 ad
683 976 842 1080 quietem
871 976 1105 1051 reducuntur.
1134 971 1237 1045 Idem
1265 968 1378 1143 igitur
1403 996 1479 1045 aerr
1502 971 1541 1046 in
1564 903 1645 1049 valqe
1670 982 1701 1054 E

386 1085 532 1160 deberet
558 1081 668 1156 etiam
683 1075 920 1176 contingere:
949 1075 1206 1175 &quanquam
1232 1068 1269 1144 di
1308 1096 1347 1143 us
1364 1097 1423 1146 aer
1449 1071 1489 1145 in
1505 1075 1702 1152 uerticeSi·

386 1182 518 1288 phonis
544 1181 587 1258 ad
605 1179 750 1280 duplum
767 1174 870 1277 spatii
887 1172 941 1250 sui
957 1172 1119 1248 extensus
1136 1169 1263 1246 babeat
1280 1168 1356 1243 vim
1374 1170 1550 1245 elallicam
1561 1175 1600 1247 vi
1612 1188 1714 1251 com·'

386 1280 561 1386 primenti
578 1307 603 1355 ae
631 1278 767 1367 ualent,
795 1297 900 1376 atque
927 1274 980 1350 ita
998 1273 1166 1348 videatur
1192 1271 1321 1345 debere
1345 1267 1396 1343 ibi
1414 1268 1615 1370 quiescere,
1634 1302 1703 1351 non

387 1406 510 1457 tamen
555 1306 705 1470 meleta,
730 1374 788 1455 sed
806 1374 957 1451 ulterius
976 1370 1213 1461 dilatabitur,
1238 1391 1345 1469 prout
1363 1371 1582 1446 ‘afferueram
1601 1401 1612 1462 ς
1628 1416 1630 1421 -
1647 1375 1706 1451 fi'c-

387 1505 458 1582 que
475 1406 599 1581 globus
615 1481 649 1553 E
678 1502 752 1553 non
769 1474 872 1551 debet
892 1472 972 1549 fieri
995 1499 1011 1570 ς
1029 1471 1201 1546 librarum
1219 1494 1317 1570 aquae
1334 1494 1464 1571 capax:
1495 1473 1630 1574 reliqua
1643 1503 1704 1551 au-

390 1602 468 1654 tem
485 1577 651 1679 operatio
677 1577 722 1652 stc
750 1572 935 1677 procedet.
965 1578 1042 1649 Aer
1055 1573 1131 1674 plus
1157 1566 1249 1670 julio
1263 1568 1431 1643 dilatatus
1452 1569 1705 1649 debebirvicis-

390 1677 455 1753 fin
482 1678 521 1751 in
539 1678 692 1779 spatium
717 1674 808 1775 justo
827 1674 1003 1789 angustius
1030 1698 1111 1747 aere
1139 1691 1322 1771 premente
1341 1669 1484 1769 redigi:
1513 1670 1627 1787 licque
1645 1675 1716 1749 ali*

391 1802 464 1879 qua
491 1803 582 1879 aqua
607 1777 645 1851 in
662 1776 809 1879 globum
826 1780 859 1852 E
880 1795 1077 1874 irrumpet,
1104 1793 1211 1870 atque
1229 1768 1491 1844 vibrationibus
1507 1768 1551 1846 fic
1571 1775 1707 1848 iteratis

393 1875 513 1978 aliqua
528 1875 709 1978 quantitas
735 1902 831 1978 aquae
847 1876 886 1950 in
903 1874 1012 1976 globo
1029 1871 1221 1971 colligetur
1240 1921 1252 1960 ,
1277 1868 1390 1943 donee
1408 1894 1526 1944 motus
1552 1871 1612 1945 ille
1639 1897 1707 1948 tre·

393 1979 515 2049 mulus
530 1976 774 2074 conquiescat:
803 1977 839 2046 δι
858 1998 944 2046 tunc
971 1971 1107 2046 etiamst
1124 1968 1248 2070 globus
1272 1993 1346 2043 non
1364 1968 1405 2043 srt
1424 1996 1515 2071 aqua
1536 1974 1706 2074 repletus,

393 2073 531 2146 nullam
558 2096 679 2146 tamen
697 2070 848 2173 amplius
867 2069 1056 2162 admittet,
1084 2090 1231 2170 propter
1256 2068 1494 2170 aequilibrium
1511 2073 1601 2146 inter
1637 2072 1707 2145 res«

394 2169 529 2246 fionenr
557 2171 736 2248 internam
764 2173 801 2244 δι
828 2194 1042 2247 externam:
1072 2168 1324 2244 recurrendum
1353 2168 1466 2269 igitur
1493 2173 1561 2246 erit
1588 2099 1635 2247 ad
1658 2190 1709 2244 re-

394 2271 554 2353 medium
572 2299 592 2346 a
608 2269 827 2348 D.Reiselio
846 2271 1103 2372 prescriptum:
1125 2268 1323 2344 claudendo
1339 2270 1513 2345 nimirum
1532 2270 1709 2347 orificium

397 2370 511 2443 cruris
527 2369 728 2461 inferioris,
755 2394 794 2445 ut
813 2396 902 2471 aqua
919 2370 1072 2446 liberum
1088 2370 1169 2446 illac
1196 2368 1334 2443 exitum
1350 2395 1424 2445 non
1442 2372 1593 2472 amplius
1613 2371 1713 2446 inue-

396 2467 500 2542 niens
519 2470 636 2543 versus
654 2470 837 2570 superiora
857 2467 1082 2562 relleslatur,
1109 2470 1185 2544 vim
1214 2494 1256 2542 ue
1282 2466 1379 2544 suam
1405 2469 1443 2544 in
1468 2467 1650 2544 orificium
1679 2499 1713 2545 e·

397 2566 557 2667 pistomii
582 2594 727 2642 exerens
753 2570 899 2670 globum
921 2569 1163 2671 ingrediatur:
1188 2495 1308 2669 leque
1327 2594 1388 2670 per
1405 2569 1565 2659 iteratas,
1596 2592 1637 2642 ut
1656 2570 1710 2645 ita

400 2666 537 2756 dicam,
563 2664 796 2743 succuffiones
822 2670 927 2770 pollit
954 2692 1052 2744 totus
1077 2670 1201 2771 globus
1227 2693 1319 2769 aqua
1339 2668 1488 2767 repleri.
1523 2668 1710 2742 Omnibus

400 2761 456 2836 his
477 2763 659 2840 effectibus
687 2766 731 2841 stc
749 2793 812 2882 per
829 2768 945 2843 causas
974 2768 1043 2842 rite
1060 2769 1242 2870 cognitis,
1269 2767 1378 2844 cuivis
1402 2767 1504 2842 facile
1531 2767 1674 2867 patebit
1701 2819 1712 2857 ,

400 2862 558 2962 amplum
586 2865 762 2966 epistomrr
789 2866 1001 2958 orificium,
1027 2870 1130 2968 quale
1145 2869 1276 2983 ‘primo
1300 2866 1577 3041 supposueram,
1605 2893 1715 2969 angu-

399 2960 500 3035 stiori
527 2964 594 3038 esse
605 2969 914 3067 anteponendum:
944 2967 1080 3043 etiamli
1097 2994 1215 3059 emm,
1243 2966 1327 3042 dum
1353 2993 1502 3043 oramen
1528 2965 1709 3067 angustum

402 3056 470 3151 est,
498 3063 671 3175 capacitas
698 3067 796 3165 globi
812 3072 845 3141 E
864 3094 907 3140 eo
926 3067 1032 3166 usque
1057 3068 1180 3167 augeri
1198 3069 1330 3167 pollet,
1357 3091 1398 3141 ut
1419 3090 1435 3159 ς
1456 3064 1712 3167 propemodum

403 3185 502 3261 aquae
528 3163 633 3238 libras
661 3162 708 3237 sm
738 3166 804 3237 ulis
829 3165 966 3238 vicibus
991 3164 1261 3266 suppeditaret;
1289 3191 1362 3241 nou
1389 3189 1513 3240 tamen
1540 3164 1711 3264 majorem

401 3283 497 3358 aquae
515 3263 676 3361 copiam,
703 3191 788 3338 dato
807 3286 990 3365 tempore,
1017 3265 1277 3349 obtineremusr
1306 3288 1456 3366 propter
1471 3266 1616 3366 longam
1635 3288 1713 3336 mo·

309 3404 313 3409 «
377 3382 478 3444 ram
505 3358 542 3433 in
561 3360 731 3461 replendo
755 3361 864 3461 globo
886 3416 897 3454 ,
923 3362 1007 3438 dum
1036 3365 1137 3439 illum
1163 3391 1253 3468 aqua
1280 3363 1421 3439 nonnifi
1447 3391 1511 3466 per
1529 3361 1711 3469 angullum

217 3491 295 3571 lug.
312 3507 382 3570 ²²7·
399 3455 562 3533 foramen
579 3462 614 3533 ἃ
628 3459 724 3535 fluxu
742 3460 945 3563 interrupto
971 3463 1205 3541 subintraret:
1235 3487 1402 3567 praterea
1418 3461 1713 3538 veromaximum

399 3555 538 3658 semper
555 3562 638 3632 esset
657 3559 878 3661 periculum,
905 3589 950 3636 ne
968 3562 1116 3661 secunda
1143 3564 1233 3639 aeris
1252 3590 1295 3638 ex
1312 3566 1421 3665 globo
1438 3562 1584 3663 eruptio
1594 3560 1718 3651 fieret,

401 3679 592 3757 antequam
610 3683 669 3732 aer
686 3660 724 3733 in
745 3685 847 3735 crure
865 3666 933 3737 AB
963 3663 1083 3762 primo
1106 3664 1275 3740 colleblus
1301 3690 1345 3739 ex
1365 3662 1525 3765 Sipbone
1554 3659 1716 3762 expulsae

401 3756 505 3829 esset:
533 3753 578 3829 lic
597 3758 694 3852 enim
711 3756 835 3854 lieret,
862 3785 922 3853 ut,
975 3786 1097 3863 ropter
1115 3763 1264 3840 nimiam
1282 3762 1372 3837 aeris
1390 3759 1716 3862 inSipbonequao·

402 3854 567 3945 ritatem,
594 3855 698 3955 ipsius
722 3856 837 3933 fluxus
864 3787 1004 3961 prorlus
1036 3859 1242 3938 sisteretur:
1271 3861 1419 3962 nequid
1437 3861 1553 3937 diram
1578 3859 1623 3932 de
1650 3855 1723 3930 dif-

402 3953 535 4026 cultate
570 3953 610 4027 in
636 3954 779 4031 orificio
805 3958 977 4033 inferiore
1013 3986 1076 4062 per
1109 3961 1299 4037 intervalla
1326 3960 1523 4037 claudendo
1557 3959 1596 4030 δι
1634 3982 1716 4059 ape·

398 4052 548 4128 tiendo:
574 4051 646 4130 hac
665 4053 777 4156 igitur
803 4059 841 4133 in
859 4058 1004 4134 orificio
1019 4059 1196 4162 epistomii
1213 4061 1381 4138 alteratio
1408 4063 1486 4163 plue
1503 4056 1628 4134 damni
1638 4082 1715 4160 pro-

277 4163 283 4177 ·
397 4150 494 4225 fed’to
511 4150 675 4248 affirret,
697 4169 805 4267 qu'ana
820 4160 1021 4235 commodi.
1297 4234 1300 4239 .
1496 4208 1500 4213 ·

412 4271 414 4275 ·
446 4256 693 4353 supponamus
711 4280 806 4353 ram,
830 4258 1080 4338 alterationem
1107 4263 1186 4341 fieri
1213 4265 1252 4341 in
1279 4260 1712 4368 amplitudinebipbonist

323 4363 325 4367 '
398 4347 613 4462 diametrum
639 4355 717 4428 tubi
735 4404 756 4446 ,-
773 4358 928 4456 exempli
947 4364 1085 4460 gratia,
1109 4362 1187 4440 fieri
1199 4367 1405 4441 minorem:
1434 4388 1522 4440 tunc
1550 4390 1569 4437 e
1597 4363 1711 4437 uidem

396 4473 519 4523 mmor
534 4478 635 4551 aquae
657 4456 761 4554 copia
778 4453 980 4531 descensura
999 4465 1102 4538 effeta
1131 4490 1257 4539 verum
1276 4464 1488 4541 minuendus
1516 4463 1560 4538 it'
1588 4487 1644 4535 em
1660 4458 1712 4533 fo·

394 4555 450 4660 r'et
469 4548 593 4647 globus
609 4556 662 4626 E:
692 4580 732 4627 ac
749 4553 898 4655 proinde
923 4577 1029 4633 tanto
1047 4561 1168 4637 minor
1184 4588 1281 4665 aquar
1296 4566 1480 4665 quantitas
1498 4561 1643 4664 lingulis
1661 4557 1712 4631 ab

396 4648 494 4721 tibus
515 4645 740 4727 obtineretur
758 4684 768 4727 e
797 4650 821 4726 li
838 4676 928 4730 vero
943 4658 1023 4733 tubi
1038 4661 1211 4738 diameter
1228 4688 1449 4766 augeretur,
1474 4656 1711 4838 possetdequi

1613 4785 1667 4835 ern
