3784 5459
543 270 580 376 8
913 255 963 361 A'
1038 296 1067 362 c
1150 294 1186 364 Τ
1270 289 1304 365 A
1511 363 1523 374 .

282 481 445 552 fflffll·
526 471 1137 594 DEMONSTRATIO
1180 468 1676 583 VELOCITATIS
1692 558 1709 617 ,

280 572 341 629 An.
360 565 445 626 1688.

279 644 447 808 ffl‘gmffl
558 671 652 782 Qua
682 655 775 746 cum
794 664 881 747 Aer
910 660 1029 745 irruit
1058 663 1166 745 intra
1184 658 1420 747 exhaustum
1437 662 1674 773 Recipiens,
1757 645 1762 734 j

456 858 632 940 Exhibita
648 853 821 933 Societati
837 853 959 958 Regia
985 854 1215 1029 aDgsqu.
1231 833 1389 940 Pnirno
1407 908 1420 949 ,
1446 839 1599 950 ejusdem
1616 849 1772 936 Societa·

988 979 1034 1029 trs
1086 981 1132 1029 on
1150 977 1247 1028 orte.

511 1156 1173 1257 ExTranfa3.Philosopb.Angl.Mens.
1184 1154 1404 1232 ouantem.
1421 1115 1708 1258 n.184.pbp.193.

455 1383 621 1548 CUM
641 1380 750 1453 variis
768 1377 804 1451 in
816 1373 945 1451 casibus
963 1372 1162 1477 proficuum
1177 1377 1243 1451 else
1262 1375 1400 1467 valeat,
1421 1379 1581 1476 pernosse
1597 1379 1688 1454 aeris
1704 1406 1766 1453 ve-

561 1480 748 1554 locitatem
775 1477 969 1550 secundum
996 1473 1150 1550 diversas
1176 1474 1370 1575 pressiones
1387 1477 1500 1574 ipsum
1519 1477 1764 1578 impellentes,

451 1579 649 1692 Acadepria
667 1578 782 1678 Regia
800 1572 995 1651 Parihenlis
1012 1601 1080 1676 ope
1096 1575 1319 1674 quorundam
1338 1577 1668 1676 experimentorum
1685 1601 1765 1652 ten-

451 1681 545 1755 tavit
559 1680 690 1753 hancce
708 1675 876 1751 notitiam
895 1672 1039 1774 adipisci
1057 1729 1065 1748 .
1092 1674 1281 1749 Nimirum
1299 1673 1414 1748 vesica
1439 1675 1591 1776 quadam
1607 1703 1701 1751 nunc
1727 1703 1769 1752 a-

448 1806 519 1882 qua
538 1804 631 1854 nunc
656 1803 734 1852 aere
760 1776 936 1875 impleta,
963 1773 1101 1875 experti
1126 1771 1237 1867 sunt,
1265 1773 1404 1849 tametsi
1431 1776 1466 1846 3<
1485 1776 1620 1872 pondus
1636 1775 1680 1850 ad
1698 1802 1762 1848 ex-

472 1878 653 1952 rimendos
678 1874 781 1950 hosce
805 1873 1002 1962 humores,
1028 1874 1063 1946 &
1081 1872 1243 1948 foramen
1267 1874 1311 1950 ad
1328 1874 1411 1947 illos
1427 1875 1645 1949 emittendos
1661 1875 1762 1949 idem

446 1905 562 2068 soret,
589 1975 823 2050 nihilominus
851 1974 1101 2048 vesicam-aere
1126 1973 1265 2074 plenam
1290 1973 1454 2049 evacuari
1480 1972 1525 2046 fic
1549 1974 1645 2071 polle
1662 1974 1762 2049 intra

448 2099 504 2167 25.
547 2098 659 2150 artem
678 2074 877 2172 temporis,
904 2073 949 2147 ad
965 2072 1222 2171 expressionem
1246 2100 1343 2171 aquae
1359 2099 1402 2146 ex
1420 2070 1542 2148 eadem
1564 2072 1676 2148 vefica
1704 2100 1762 2148 re-

444 2103 563 2272 quisiii
581 2205 589 2245 :
619 2172 712 2246 unde
730 2171 952 2260 conclusere,
971 2165 1062 2244 aeris
1077 2171 1297 2245 celeritatem
1313 2172 1421 2245 vicies
1439 2172 1626 2272 quinquies
1644 2170 1761 2268 majo·

444 2291 522 2341 rem
548 2267 615 2336 esse
633 2271 729 2363 aqu‘ae
756 2265 997 2360 pernicitate,
1023 2268 1108 2334 dum
1133 2289 1281 2363 uterque
1306 2271 1426 2363 liquor
1448 2273 1596 2346 eandem
1622 2270 1762 2369 patitur

443 2363 679 2466 pressionem.
699 2365 751 2434 Et
768 2359 1053 2458 experimentum
1072 2360 1216 2458 quidem
1233 2360 1302 2433 hoc
1319 2387 1393 2434 non
1413 2364 1473 2435 abs
1489 2391 1527 2438 re
1544 2369 1582 2438 in
1601 2370 1762 2443 conside·

444 2463 623 2539 rationem
641 2457 771 2548 venit,
800 2458 990 2572 potuitque
1014 2456 1203 2549 sufficere,
1229 2461 1342 2533 donec
1368 2459 1494 2534 rnelius
1519 2463 1761 2548 adinventum

442 2560 568 2649 foret3
595 2582 754 2634 attamen
775 2557 858 2630 Viri
886 2556 942 2631 isti
967 2583 985 2630 e
1012 2556 1101 2658 regii
1127 2583 1201 2631 non
1227 2582 1421 2657 potuerunt
1447 2587 1521 2635 non
1539 2564 1761 2662 pervidere,

441 2660 480 2735 id
500 2657 934 2761 nequaquamperseslnm
952 2583 1038 2731 ese.
1066 2658 1178 2732 Ratio
1187 2658 1258 2732 hac
1275 2658 1345 2750 est,
1370 2660 1466 2760 quod
1486 2687 1545 2733 aer
1557 2664 1758 2741 admodum

443 2760 560 2851 cedit,
588 2783 694 2864 arque
713 2757 756 2836 fic
773 2758 886 2831 veslca
902 2783 945 2830 eo
963 2759 1097 2856 repleta
1115 2780 1200 2829 mox
1223 2759 1363 2853 planam
1383 2757 1541 2836 adsumet
1566 2760 1718 2861 liguram
1742 2820 1758 2858 ,

441 2857 707 2960 quamprimum
726 2857 862 2958 pondus
878 2855 1021 2957 aliquod
1040 2854 1196 2931 notabile
1212 2854 1328 2928 eidem
1346 2854 1647 2955 superimponitur
1665 2916 1674 2933 .
1703 2867 1762 2939 Ε.

260 2931 333 3016 ΡΨ·
356 2949 420 3016 ¹57·
441 2960 567 3035 videns
583 2958 704 3060 itaque
725 2956 793 3048 est,
821 2956 957 3056 pondus
975 2954 1183 3029 incumbens
1199 2953 1347 3056 largiori
1356 2953 1495 3028 cuidam
1514 2956 1648 3055 spatio,
1675 2986 1759 3040 non

438 3085 599 3165 premere
617 3057 813 3159 quamlibet
840 3055 913 3150 ejus
930 3077 1068 3153 partem
1086 3054 1207 3127 eadem
1225 3055 1291 3139 vir
1319 3077 1358 3128 ut
1375 3055 1518 3155 quidem
1536 3055 1697 3150 faceret,
1726 3064 1758 3139 fi

438 3160 552 3235 vefica
569 3159 612 3231 ad
630 3181 702 3229 tem
731 3181 768 3227 us
785 3153 926 3252 aliquod
945 3176 1104 3226 maneret
1123 3153 1287 3253 turgida,
1312 3176 1420 3252 prout
1437 3156 1639 3256 contingit,
1666 3184 1758 3238 cum

439 3285 535 3360 aquae
551 3258 655 3358 plena
672 3184 738 3329 ess:
769 3273 958 3354 praeterea,
975 3253 1057 3326 dum
1076 3279 1165 3352 aqua
1185 3254 1256 3352 ipsa
1273 3253 1369 3326 intra
1385 3252 1534 3327 vesicam
1551 3257 1756 3369 gravirest,

438 3355 649 3433 nonnullam
669 3352 779 3436 efficit
799 3350 1033 3450 pressionem.
1061 3355 1113 3425 Ut
1131 3351 1219 3425 adeo
1245 3376 1439 3452 appareat,
1466 3354 1679 3453 pressionem
1708 3360 1755 3436 in

436 3457 507 3529 hoc
525 3454 769 3555 experimento
788 3476 859 3524 non
877 3473 1014 3525 tantam
1033 3452 1100 3523 else
1116 3448 1219 3552 super
1228 3477 1327 3542 aere,
1355 3453 1504 3550 acsuper
1521 3461 1628 3554 aqua.
1648 3458 1758 3550 Qua·

344 3559 351 3570 ’
436 3577 584 3657 propter
606 3554 711 3630 aliam
730 3574 954 3627 commentus
980 3548 1054 3624 sum
1071 3550 1198 3640 viam,
1224 3577 1331 3651 quam
1356 3552 1543 3626 meliorem
1568 3579 1753 3651 autumo,

433 3653 668 3756 perveniendi
685 3656 728 3728 ad
747 3653 877 3726 hancce
895 3648 1086 3738 notitiam,
1106 3650 1323 3752 eandemque
1340 3650 1525 3726 humiliter
1536 3651 1754 3733 submissam

433 3752 704 3827 voloSocietati
723 3750 861 3851 Regiae.
880 3833 885 3844 ¹
1015 3761 1035 3792 s

484 3850 658 3924 innititur
686 3852 757 3924 haee
786 3877 863 3923 mea
881 3848 1069 3925 methodus
1087 3849 1263 3948 principio
1280 3850 1334 3924 isti
1353 3852 1626 3948 Hydrostatico,
1651 3860 1757 3952 quod

434 3953 582 4049 liquores
598 3953 640 4021 vi
652 3952 778 4047 pallent
795 3972 862 4022 ram
881 3950 950 4019 alte
968 3950 1195 4045 adscendendi
1203 4008 1213 4043 ,
1240 3976 1280 4022 ac
1295 3978 1404 4023 eorum
1414 3956 1587 4049 scaturigo
1603 3956 1722 4041 existit
1740 3985 1753 4044 ;

435 4051 470 4123 δι
489 4049 651 4150 quamvis
668 4048 856 4124 resistentia
872 4048 985 4120 Medii
1000 4048 1135 4148 semper
1152 4046 1284 4140 obstet,
1310 4053 1509 4150 quominus
1527 4078 1621 4152 aquae
1640 4081 1683 4126 ex
1706 4057 1751 4131 sr-

435 4148 610 4247 phonibus
628 4146 806 4242 ejaculatae
822 4151 924 4246 plene
943 4147 987 4223 ad
1009 4166 1086 4220 eam
1103 4147 1307 4249 pertingant
1326 4149 1581 4241 altitudinem,
1607 4152 1752 4228 nihilo·

435 4245 555 4321 minus
572 4246 692 4348 liquor
715 4248 753 4322 in
772 4246 886 4348 prima
911 4245 970 4321 sua
988 4248 1176 4346 eruptione
1194 4248 1420 4325 necessariam
1446 4247 1551 4323 habet
1569 4248 1750 4327 velocita-

433 4366 506 4420 tem
523 4345 566 4420 ad
585 4348 735 4446 eousque
753 4346 1050 4447 perveniendum.

835 4449 1242 4522 Pnorosrrto
1295 4449 1324 4520 Ι.
1404 4507 1406 4510 .

485 4540 544 4612 Ab
563 4538 630 4613 hoc
648 4542 825 4641 principio
851 4542 947 4616 sacili
967 4546 1112 4642 negorio
1137 4545 1260 4619 deduci
1290 4543 1399 4643 potest
1423 4546 1494 4622 haee
1512 4546 1714 4646 propofitio
1735 4608 1751 4644 ,

435 4638 567 4740 quode
588 4640 721 4717 duobus
738 4642 1105 4746 diversisliquotibus,
1135 4644 1350 4745 percandem
1369 4644 1581 4746 pressionem
1594 4650 1747 4821 ptsopul-

1152 4778 1156 4784 ·
1638 4769 1689 4837 rs,
