3784 5459
528 297 629 420 pq
794 261 1479 373 Actou.Euuns

268 488 361 555 Tomi
380 488 411 553 1·
477 516 581 566 arvus
600 481 824 592 pertransiit,
843 477 1071 583 mic'roscopii
1089 473 1312 557 adminiculo
1328 477 1624 593 repraesentatas,
1641 477 1776 557 etiam*

271 590 413 812 {351¹}
452 691 620 783 exhibet,
647 688 866 790 apparuerit.
894 686 1074 783 Elell.
1102 681 1211 795 gallae
1226 679 1364 756 studius
1379 681 1503 784 querci
1531 680 1774 757 denominare

270 830 376 907 paga
383 836 437 884 10,
456 792 621 893 prohibet
640 817 652 877 3
679 807 722 862 ex
740 787 836 862 loliis
864 809 1017 883 namque
1034 803 1215 885 quercmrs
1240 807 1261 856 a
1283 804 1386 888 certo
1403 807 1534 883 genere
1551 781 1772 856 vermiculo·

454 919 535 967 rum
561 901 605 981 (a
624 886 1024 975 muscisoriundorum,
1051 880 1237 980 rursusque
1263 881 1302 955 in
1321 882 1456 956 muscas
1482 882 1772 973 transeuntium)

454 991 615 1095 persollis
640 987 869 1073 excrescere,
903 983 969 1058 nec
997 981 1138 1057 ratione
1165 981 1316 1056 absimili
1342 1008 1449 1057 nuces
1476 981 1600 1057 cardui
1627 981 1669 1057 in
1696 981 1773 1085 ipso
1843 1023 1844 1084 q

454 1092 587 1167 carduo
606 1088 796 1194 provenire
816 1112 828 1174 3
855 1085 895 1158 in
922 1082 1079 1158 castanea
1096 1105 1184 1155 vero
1208 1082 1244 1154 bc
1269 1080 1436 1184 iuglande
1453 1081 1656 1182 primordia
1673 1084 1772 1185 plau·
1843 1099 1844 1134 l

455 1216 602 1284 tarum,
636 1185 865 1290 &quomodo
893 1209 956 1285 per
972 1181 1178 1272 funiculos,
1204 1180 1412 1257 animalium
1435 1181 1543 1257 instar
1568 1181 1673 1258 intra
1700 1207 1774 1260 ute·
1843 1211 1845 1274 i

273 1289 438 1367 sag-²²7·
455 1317 556 1381 rum,
574 1293 735 1380 alantur,
754 1285 918 1361 deducit.
945 1287 1110 1382 Epirus.
1127 1281 1245 1356 semen
1263 1289 1452 1382 Karpock,
1469 1283 1662 1382 Bupariti,
1682 1291 1770 1362 Kau-

456 1391 519 1466 kin
537 1392 572 1463 dc
591 1388 778 1464 Adamboe
795 1385 949 1478 lustrat,
975 1408 1129 1485 quorum
1157 1381 1230 1456 duo
1246 1381 1368 1483 priora
1394 1383 1431 1457 in
1450 1383 1607 1459 Tabll.
1636 1385 1770 1487 pariter

455 1491 660 1589 delineata,
687 1513 762 1562 non
790 1487 909 1562 minus
934 1509 1042 1584 quum
1060 1482 1203 1585 goflipii
1224 1481 1365 1576 semen,
1389 1480 1506 1558 oleosa
1526 1486 1683 1563 materia
1708 1514 1769 1564 nu·

276 1575 345 1661 Flg·
366 1595 396 1657 3·
453 1591 586 1665 triente
605 1611 768 1664 careant.
783 1586 929 1660 Scilicet
947 1587 1023 1683 Fig.
1036 1588 1114 1680 3.A
1126 1586 1249 1659 BCD
1266 1581 1424 1658 siusium
1440 1582 1763 1683 semenstrem,
1846 1603 1847 1608 ’

454 1693 621 1790 Karpocle
638 1690 676 1764 in
692 1694 799 1761 Horra
815 1689 985 1760 Masabar.
1012 1706 1089 1759 tom.
1101 1714 1131 1782 3.
1145 1705 1182 1782 p.
1197 1709 1251 1779 59.
1276 1686 1424 1776 Pans'ala
1439 1684 1599 1778 disium,
1626 1687 1760 1765 exhibet

303 1879 309 1890 .
455 1791 624 1866 nonnihil
643 1797 827 1892 apertum,
845 1813 917 1889 quo
937 1785 1022 1861 litus
1038 1784 1183 1860 seminis
1198 1783 1237 1858 in
1255 1783 1407 1886 gofflpio
1416 1784 1681 1882 decumbentis,
1693 1788 1764 1865 ftu-
1847 1785 1848 1864 ζ

273 1879 341 1961 Fig.
361 1898 392 1957 4.
453 1894 621 1994 stumque
637 1891 731 1966 hunc
746 1889 844 1964 intus
856 1887 953 1988 quafi
971 1884 1141 1987 replentis
1160 1884 1399 1960 animadverti
1415 1908 1543 1994 queat.
1568 1890 1690 1985 riga„
1718 1890 1766 1966 se·
1848 1970 1849 1975 ,

272 1986 342 2068 ¹²³8·
364 2001 395 2060 5·
455 2018 538 2070 men
556 1992 631 2091 ejus
645 1991 796 2066 denotat
806 2013 916 2080 ,cum
927 1987 1018 2063 duro
1028 1985 1184 2077 cortice,
1199 2011 1218 2059 e
1235 1984 1388 2087 gollipio
1405 2009 1623 2164 exemptum.
1639 1993 1719 2087 Fi'g.
1733 2014 1765 2085 5.
1848 1981 1849 2046 ἶ

455 2092 550 2168 idem
578 2089 662 2166 sistit
688 2089 806 2165 semen
828 2087 964 2164 cortice
991 2086 1083 2163 duro
1109 2086 1385 2186 membrumque
1403 2085 1498 2161 denu
1543 2112 1639 2181 tum,
1664 2090 1765 2191 quod

274 2195 343 2282 rig.
362 2199 392 2263 ό.
452 2193 598 2270 nucleus
616 2192 700 2268 alias
716 2189 859 2266 leminis
876 2186 995 2265 audit.
1019 2190 1096 2287 Fig.
1111 2195 1143 2261 6.
1160 2185 1275 2288 ipsum
1292 2186 1411 2262 semen
1429 2189 1637 2266 membrana
1648 2188 1711 2266 sua
1728 2192 1767 2268 in

453 2293 590 2370 circulo
617 2317 690 2367 non
708 2289 821 2365 solum
839 2291 1008 2365 tenellam
1025 2289 1237 2364 involvente
1257 2340 1268 2379 ,
1293 2313 1421 2363 vetum
1441 2290 1610 2390 portione
1629 2289 1683 2365 sui
1707 2292 1765 2367 ali·

451 2419 523 2495 qua
541 2389 614 2493 ipsa
630 2403 772 2505 quoque
790 2389 877 2465 folia
896 2390 1159 2465 intercurrente
1168 2387 1359 2504 spoliatum
1371 2389 1565 2491 exprimit,
1582 2389 1764 2508 postquam

452 2488 1675 2693 erretur:verr:riurerurnul‘rvr
1689 2490 1767 2670 ll.

453 2714 511 2765 tus
529 2692 652 2768 oculus
671 2690 825 2767 radicem
844 2618 1054 2793 duplicatim
1073 2689 1134 2765 fibi
1152 2688 1419 2765 incumbentem
1441 2690 1545 2767 facile
1562 2693 1768 2795 dignoscere

272 2815 340 2900 Eg.
363 2840 394 2898 7,
452 2790 577 2866 valet.
605 2792 727 2889 Fig.7.
755 2794 876 2869 EFG
905 2791 992 2866 folia
1019 2790 1237 2872 abinvicem
1256 2789 1407 2891 dispersa
1433 2791 1469 2865 δι
1487 2793 1592 2869 valde
1609 2795 1689 2869 alba
1717 2821 1768 2870 rea

452 2890 659 2993 praesentat,
686 2919 725 2967 ea
743 2893 909 2994 quidem,
934 2919 1005 3006 qua
1032 2889 1308 2991 microscopium
1337 2892 1523 2986 exhibuit,
1550 2895 1769 3068 magnitudi-

451 3017 514 3065 ne.
542 2995 580 3064 H
607 3016 697 3066 vero
716 2992 895 3093 partemii
948 2990 1046 3066 ificat
1073 2991 1112 3067 in
1139 2991 1294 3066 radicem
1321 3018 1363 3068 ac
1381 3015 1547 3069 truncum
1571 3020 1610 3090 ce
1639 3018 1770 3094 uram,

273 3104 395 3189 fige
453 3117 529 3192 quae
552 3089 667 3166 'inllar
683 3089 768 3166 colli
788 3018 969 3189 cujusbnm
988 3091 1095 3194 cygni
1113 3091 1295 3168 incurvati
1321 3091 1430 3193 jacet.
1454 3096 1571 3190 fagr.
1592 3094 1764 3194 piantem

269 3198 342 3283 Fig.
362 3220 392 3277 9·
452 3190 587 3363 pariter
605 3191 796 3284 tenellam,
815 3192 914 3289 cujus
931 3192 1018 3266 folia
1036 3219 1109 3268 non
1129 3193 1221 3268 ad'eo
1234 3194 1317 3268 sunt
1334 3191 1486 3284 extensa,
1502 3190 1603 3266 sistit.
1628 3191 1711 3292 fig.
1724 3219 1764 3289 9:

468 3314 571 3365 emen
588 3289 742 3366 delineat
760 3292 798 3366 in
814 3298 914 3367 Hora.
925 3295 1227 3392 Malab.Bupariri
1242 3319 1432 3385 vocatum,
1455 3317 1561 3393 prout
1578 3319 1660 3367 cum
1680 3321 1773 3369 cord

271 3407 340 3492 Fjg.
364 3430 410 3474 10,
451 3390 522 3464 tice
539 3392 652 3465 masso
668 3393 782 3495 vulgo
799 3418 946 3496 apparet
963 3451 972 3469 .
999 3396 1075 3493 rig.
1090 3422 1143 3469 ιο.
1171 3397 1340 3473 nucleum
1357 3391 1677 3498 pradibiiseminis
1707 3399 1773 3471 exss

266 3516 339 3600 pag,
362 3521 426 3582 105,
448 3489 577 3582 llibet,
603 3491 834 3595 inquantum
860 3523 880 3570 e
907 3495 1043 3572 cortice
1062 3496 1154 3571 duro
1172 3522 1358 3600 exemptus
1376 3496 1591 3574 membranae
1608 3494 1774 3571 involvi·

268 3612 337 3698 fig,
361 3629 374 3675 1
381 3635 405 3678 1,
448 3607 527 3665 tur.
553 3593 629 3690 Fig.
646 3620 699 3668 ιι.
730 3594 858 3672 itidem
876 3596 972 3671 idem
992 3594 1145 3676 ostendit
1160 3596 1279 3672 semen
1298 3599 1509 3675 membrana
1527 3594 1770 3692 denudit'um,

450 3688 634 3791 postquam
652 3718 714 3792 per
732 3695 870 3797 aliquot
880 3695 1051 3771 horarum
1069 3694 1224 3798 spatium
1240 3700 1458 3775 membranae
1474 3696 1673 3799 separandae
1688 3697 1770 3800 grass

450 3789 626 3893 tiaaquae
643 3792 850 3871 immersum
866 3795 959 3888 fuit,
986 3795 1117 3899 inquo
1143 3795 1215 3896 jam
1242 3798 1301 3874 hic
1327 3800 1402 3874 loci
1429 3799 1540 3874 oculo
1555 3798 1647 3873 nudo
1665 3824 1765 3872 com-

447 3888 578 3990 plicata
614 3917 693 3993 pars
728 3894 767 3970 in
795 3896 951 3972 radicem
986 3918 1225 4001 truncumque
1252 3901 1386 3978 cessura
1419 3897 1583 4003 dignosci
1638 3896 1767 3975 otesl.

262 3989 334 4073 fig·
358 4009 405 4057 ιι.
445 3993 520 4087 Fig.
536 4018 590 4065 ιι.
608 4018 698 4068 vero
717 3996 852 4071 LMN
864 4002 902 4073 O
927 3997 1015 4071 solia
1033 3997 1182 4075 denotat
1200 4024 1356 4102 quatuor
1369 4000 1519 4075 seminis
1536 3924 1700 4099 eiusdem
1719 4000 1774 4076 vi·

445 4092 493 4164 tri
513 4093 654 4168 modice
673 4095 927 4196 amplificantis
943 4124 1011 4199 ope
1031 4098 1223 4193 delineari,
1247 4102 1419 4194 &Qus
1446 4102 1633 4194 aciculis,
1648 4103 1778 4205 quibus

443 4188 531 4265 solia
556 4189 639 4268 sunt
664 4194 839 4289 extensa,
864 4201 934 4274 KP
961 4220 1082 4274 autem
1111 4225 1249 4301 partem
1275 4203 1448 4303 indigitat
1476 4202 1515 4275 in
1543 4201 1717 4278 radicem
1744 4207 1778 4277 dt

443 4311 612 4405 truncum
631 4294 840 4389 abituram}
865 4321 995 4398 utpote
1022 4300 1061 4374 in
1087 4300 1198 4376 hocce
1216 4306 1251 4376 δι
1269 4301 1537 4403 priorisemine
1564 4305 1779 4382 extraordi-

442 4414 544 4464 narie
563 4418 727 4493 magnam
745 4451 759 4488 ‚

440 4488 537 4564 leosa
552 4495 762 4571 continetur
778 4423 894 4573 sirim
910 4498 1040 4598 planta
1067 4500 1266 4603 primordia
1283 4504 1477 4580 involvens
1503 4501 1567 4578 seu
1600 4535 1781 4612 cingens.

440 4590 566 4703 Atque
594 4619 678 4668 cum
704 4593 896 4673 seminibus
923 4596 1018 4673 hisce
1039 4608 1207 4702 Karpock
1234 4606 1270 4677 &
1288 4603 1486 4706 Bupatiti,
1514 4629 1593 4681 ova
1615 4633 1781 4685 mature·

438 4686 570 4765 scentia
598 4691 806 4797 squillacium
833 4696 1085 4779 &abacorum
1104 4729 1218 4807 porro
1235 4703 1504 4798 conseruntur,
1531 4731 1608 4785 ceu
1639 4713 1684 4789 in
1704 4715 1781 4816 qui·

1672 4814 1739 4892 bus

809 4398 1021 4498 roportione
1039 4400 1162 4478 habita
1180 4402 1224 4478 ad
1242 4404 1312 4478 alia
1328 4401 1489 4495 semina,
1514 4403 1555 4477 in
1574 4406 1720 4522 quibus
1746 4417 1786 4480 o-‘.

1838 357 1841 534 l

272 572 310 633 ⁵¹¹
333 569 424 652 ΡΜ·
452 518 476 665 st
504 614 706 665 ramentum
727 585 841 688 ipsum
859 611 981 660 coram
1000 583 1096 657 nudo
1113 581 1220 654 oculo
1238 606 1312 656 non
1331 606 1476 681 majus,
1499 597 1610 683 quam
1636 584 1717 679 fig.
1741 609 1772 658 ι.
1840 583 1841 594 ’
