3784 5459
433 227 859 333 sirinnan.
915 222 1134 338 Toml.
1273 276 1368 388 345¹

42 393 64 554 q
142 475 161 528 a
180 431 297 551 capite
315 442 412 538 sitas,
428 443 583 548 equibus
599 444 802 548 supremum
821 469 884 547 pat
902 446 1066 521 omnium
1086 452 1304 536 exastillime
1322 490 1361 540 ac
1380 467 1449 541 ele·
1466 480 1559 546 Tomi
1573 487 1599 552 Ι.

41 562 63 645 Ε
141 549 341 654 gan'tiffime
356 548 548 649 figuratum
566 547 798 639 cernebatur,
824 549 1125 649 quemadmodum
1147 579 1191 626 ex
1209 559 1448 642 delineatione
1469 562 1618 643 supplem.

53 637 62 652 “
142 649 266 725 videre
285 648 354 723 est:
384 675 423 722 ac
442 645 582 746 singular
601 647 745 746 quidem
773 646 825 721 hae
845 646 960 747 pinnae
977 649 1207 729 crassiusculae
1231 661 1268 732 bc
1295 668 1447 744 carnosae
1471 641 1610 708 sefl‘vl·

41 771 61 844 Ἐ
141 741 321 825 erantz'at
338 747 448 823 cauda
464 745 604 822 surcata
621 745 895 850 pinnispiscium
913 748 1118 849 vulgaribus
1136 758 1260 832 aemusa
1276 786 1317 835 ac
1333 786 1445 842 trans·
1490 741 1617 805 Ἧι*

40 835 61 924 J:
140 875 287 952 parens,
315 849 517 949 patiebatur
542 845 577 918 se
605 845 773 921 inlatum
801 846 995 947 explicari:
1026 848 1177 950 positum
1202 856 1274 933 bare
1301 861 1443 970 insuper
1478 888 1480 891 ‘

47 1005 58 1052 Ε
136 949 285 1025 babebat
304 939 562 1046 birizrntalem,
588 944 747 1048 adeoque
763 944 990 1061 diversuma
1017 950 1136 1025 caudis
1163 955 1442 1066 plerorumque,

39 1101 58 1148 Ε.
137 1049 256 1126 finon
274 1049 460 1139 omnium,
487 1045 632 1148 piscium
662 1046 875 1137 minorum,
901 1072 990 1147 qum
1009 1050 1276 1134 &lacertarum
1292 1067 1442 1163 gyrino.

39 1202 57 1250 Ε,
135 1174 319 1264 rumque,
344 1147 402 1223 seu
431 1172 596 1221 ranarum
623 1144 685 1219 sub
713 1145 827 1220 aliena
852 1144 970 1220 adhuc
996 1146 1114 1223 forma
1129 1152 1320 1237 latentium
1348 1198 1358 1239 a
1395 1170 1440 1244 ab

38 1277 53 1351 Ε
135 1249 324 1340 omnibns,
350 1247 518 1350 inquam,
544 1245 600 1319 his
616 1242 802 1320 dislirebat
829 1243 899 1322 hoc
917 1246 1051 1323 animal
1075 1256 1195 1350 quoad
1222 1255 1354 1338 hancce
1369 1269 1438 1342 cir·

38 1379 49 1436 Ε·
136 1346 416 1441 cumllantiam,
443 1373 516 1422 non
544 1346 662 1421 minus
689 1370 729 1420 ac
747 1344 939 1446 pinnarum
955 1348 1187 1429 carnobtate.
1215 1361 1347 1439 Praeter
1374 1369 1439 1444 nti.
1468 1369 1534 1458 Εἰς.
1554 1392 1580 1436 2.

38 1437 49 1528 ,ἶ
136 1475 215 1524 rum
244 1447 356 1522 hocce
383 1446 517 1522 animal
543 1445 657 1521 adhuc
685 1444 831 1519 alterius
857 1443 1038 1542 cujusdam
1066 1476 1173 1550 ceput
1201 1483 1270 1534 una
1298 1469 1442 1567 reperi,

38 1531 49 1552 ⁵
136 1546 335 1624 differentis
349 1544 494 1651 figura,
521 1544 575 1620 uti
599 1571 646 1620 ex
664 1544 804 1662 pidlura
817 1569 994 1646 apparet,
1016 1573 1055 1622 at
1073 1549 1186 1652 ipsum
1211 1585 1356 1666 quoque
1380 1597 1444 1646 eo-
1478 1631 1481 1636 ⁴

37 1713 41 1734 ,
139 1647 228 1724 loris
244 1648 383 1723 sordide
402 1646 572 1738 virentis,
600 1645 746 1748 perinde
771 1670 811 1719 ac
828 1642 945 1720 istud:
975 1674 1196 1749 aequavero
1221 1686 1284 1735 aut
1311 1692 1441 1770 corpus

37 1747 39 1756 '
136 1746 241 1851 liujus
260 1747 507 1852 deperditum,
533 1769 595 1822 aut
623 1746 716 1820 illius
743 1767 817 1819 tam
837 1746 930 1819 male
946 1748 1141 1827 traslatutn
1159 1753 1284 1854 foret,
1311 1765 1335 1840 fi
1363 1795 1440 1846 mo-

134 1839 184 2024 dp
208 1845 374 1953 suspicari
392 1847 611 1954 potuissem,
637 1872 702 1921 nos
727 1849 802 1921 tam
829 1845 1095 1948 inexpectatum
1120 1856 1208 1955 quid
1236 1887 1441 1964 reperturos

36 2017 41 2030 .
128 1976 221 2026 ee.

36 2051 41 2132 ζ
179 2051 248 2125 Sed
276 2050 362 2152 qnid
388 2049 532 2128 tandem
549 2047 706 2126 dicemus
731 2048 801 2125 boc
818 2046 1025 2124 Monstrum
1041 2049 1170 2128 fnili‘e?
1197 2058 1352 2140 Veniam
1380 2067 1439 2147 bic

35 2141 42 2224 †
130 2147 228 2225 milti
242 2173 377 2250 expeto
395 2174 552 2225 mentem
572 2174 689 2225 meam
707 2149 833 2251 absque
852 2147 1057 2264 praejudicio
1072 2159 1302 2254 exponendi,
1327 2191 1437 2266 quam

35 2243 42 2332 ,⁴
132 2247 338 2325 submissam
367 2247 467 2324 limnl
493 2251 581 2326 volo
597 2246 741 2324 meliori
757 2248 890 2347 judicto
907 2248 1145 2327 Nobilisstmae
1161 2251 1264 2352 hujus
1290 2289 1331 2339 ac
1356 2295 1437 2345 ern.

35 2353 37 2362 ’
132 2347 215 2425 ditae
232 2350 441 2425 Societatia.
467 2350 611 2424 Scilicet
638 2350 676 2423 in
704 2375 781 2423 eam
808 2347 944 2423 inclino
962 2347 1193 2445 sententiam,
1211 2367 1338 2460 (quam
1357 2373 1436 2471 qni.

40 2451 42 2460 ’
131 2448 213 2525 dem
241 2452 401 2551 apaucis
419 2475 586 2564 negatum
615 2447 662 2523 iri
689 2445 885 2538 confido,)
911 2473 976 2520 nos
994 2447 1114 2550 saepius
1140 2477 1204 2554 aut.
1219 2484 1345 2555 potate
1371 2494 1433 2547 aut

34 2531 41 2626 f
128 2549 301 2626 devorare
329 2550 491 2625 viventia
508 2547 713 2652 quapiam3
740 2555 779 2624 ac
797 2569 933 2620 certum
954 2545 1023 2640 est,
1050 2549 1167 2652 aliqua
1194 2557 1307 2637 vitam
1334 2565 1432 2647 suant

128 2649 339 2724 conservare
357 2651 394 2724 in
411 2647 594 2724 stomacho
611 2647 733 2723 nostro
752 2648 866 2748 posse,
891 2645 942 2721 nil
960 2647 1153 2749 quidqnam
1171 2655 1331 2738 obstante
1347 2693 1432 2746 con·

32 2746 36 2759 ’
129 2749 324 2824 coslione:
353 2776 398 2823 ne
426 2748 496 2844 jam
525 2749 562 2823 in
580 2750 780 2849 exemplum
801 2748 973 2821 adducam
999 2752 1098 2824 varia
1116 2752 1178 2827 ista
1193 2784 1323 2858 genera
1341 2766 1431 2846 sum·

32 2903 38 2934 r,
128 2848 317 2923 bricorum
345 2847 628 2940 intellinalium‚
653 2847 716 2949 qui
744 2846 846 2921 nobit
873 2848 1050 2921 naturales
1074 2850 1156 2926 sunt
1183 2857 1219 2928 bt
1248 2863 1431 2945 nobiscum

33 2953 41 3050 j
130 2972 352 3051 generantur
378 2971 485 3049 atque
501 2950 732 3037 nutriuntur,
757 2946 851 3020 brec
877 2945 914 3018 in
932 2945 1140 3047 quibusdam
1159 2952 1354 3037 infantibus
1370 2993 1433 3043 an-

33 3053 42 3063 “’
129 3072 168 3121 te
193 3046 303 3148 ipsam
331 3075 458 3123 eorum
485 3047 743 3123 nativitatem:
773 3045 833 3137 b'i,
860 3044 1038 3146 inquam,
1063 3049 1231 3128 lumbrici
1257 3057 1367 3138 libere
1394 3067 1432 3141 dc

32 3217 44 3236 ,
130 3173 200 3247 pro
225 3147 341 3223 lubitu
368 3148 452 3222 hinc
479 3148 561 3224 inde
589 3171 773 3250 pererrant
791 3144 960 3220 intestina
986 3146 1023 3218 &
1040 3147 1291 3251 stomachum,
1317 3189 1433 3267 neque

32 3239 45 3336 “J
129 3248 239 3323 ullam
267 3248 312 3322 ab
329 3245 457 3322 horum
475 3247 644 3323 facultate
660 3245 885 3324 concosltice
912 3271 1043 3323 noxam
1072 3276 1134 3351 per
1160 3255 1347 3338 etiuutur.
1380 3271 1432 3343 Et

33 3345 44 3448 j
133 3347 183 3421 ob
199 3346 292 3431 hanc
309 3347 487 3421 rationem
507 3348 670 3423 uidemus
688 3374 770 3422 aves
785 3346 1003 3444 insessivoras
1030 3372 1104 3426 tam
1122 3280 1292 3434 scillicitas
1307 3366 1375 3440 effe
1392 3366 1431 3443 in

32 3449 42 3470 ⁸
128 3445 301 3520 necandis
317 3446 499 3521 vermibus
516 3448 551 3520 bc
595 3447 834 3552 nibuscunque
851 3447 929 3522 aliis
945 3447 1107 3543 inseetis,
1133 3454 1265 3552 iterum
1283 3460 1432 3558 iterum·

124 3572 199 3649 que
225 3569 267 3621 ea
295 3571 357 3647 per
385 3544 544 3636 rostrum,
564 3474 666 3621 lirum
690 3548 944 3636 traducentes,
977 3546 1064 3622 baut
1091 3548 1187 3626 secus
1213 3583 1252 3631 tc
1276 3561 1433 3642 sacchari

126 3672 251 3722 cannae
270 3669 369 3723 trans
386 3647 499 3723 molas
518 3669 753 3749 torquentur,
774 3670 848 3747 quo
874 3644 920 3719 stc
936 3644 1021 3724 satis
1046 3648 1089 3721 de
1106 3650 1262 3751 ipsorum
1282 3688 1368 3739 nece
1383 3666 1433 3741 se·

129 3773 221 3821 curae
242 3745 339 3838 bnt,
366 3770 558 3849 antequam
577 3774 616 3822 ea
632 3742 860 3848 deglutiantt
887 3745 952 3845 qui
970 3742 1156 3825 instinctus
1181 3781 1202 3828 a
1226 3782 1355 3863 magna
1382 3765 1433 3842 sa·

126 3846 266 3948 pientia
282 3871 417 3922 natura
433 3847 650 3948 incorruptae
667 3843 833 3947 profluit.
860 3843 1032 3959 Denique
1049 3847 1254 3932 admiranda
1271 3861 1432 3962 prostant

127 3948 290 4049 exempla
307 3947 515 4022 animalium
533 3946 571 4022 in
589 3946 801 4023 animalibus
817 3942 1068 4060 vislitantrum
1087 4001 1098 4041 ,
1124 3955 1258 4059 dequo
1282 3961 1433 4038 insesso-

38 4055 43 4136 ζ
123 4072 202 4122 rum
221 4074 352 4149 genere
369 4073 454 4122 mea
474 4048 518 4122 ‚in
535 4048 739 4122 cidamum
765 4068 860 4120 notae
884 4047 1001 4120 videri
1027 4071 1226 4149 poterunt.
1253 4062 1431 4139 Attamen

35 4137 44 4218 ’Ἴ
125 4145 229 4223 simul
255 4149 293 4223 in
311 4175 352 4222 ea
379 4147 455 4222 sunt
482 4146 684 4246 opinione,
709 4145 812 4246 ejus,
834 4144 934 4245 quod
955 4144 1039 4222 casu
1064 4148 1110 4225 fic
1126 4156 1254 4229 vivum
1280 4185 1302 4235 a
1329 4161 1433 4237 nobis

32 4240 46 4289 ξ’
125 4248 344 4350 deglutitum
371 4246 473 4322 istam
490 4246 567 4320 uim
584 4246 711 4320 habeat
738 4244 834 4318 intra
853 4268 917 4317 not
933 4244 1048 4322 vitam
1065 4253 1302 4331 continuandi
1318 4268 1433 4361 (proe-

122 4345 249 4424 sertim
276 4345 581 4426 siminoriadbuc
602 4369 706 4422 aetate
732 4368 773 4419 ac
799 4366 963 4422 tenerum
989 4345 1056 4441 stt,
1080 4350 1140 4424 sua
1167 4376 1211 4426 ue
1237 4355 1349 4432 adbuc
1376 4359 1432 4437 in.

36 4437 47 4490 t
126 4472 310 4524 crementa
326 4474 451 4564 capere
467 4447 617 4539 debeat)
644 4443 795 4546 speciem
821 4467 929 4545 atque
945 4442 1103 4522 formam
1131 4377 1266 4557 asioqui
1283 4456 1432 4538 destina·

32 4551 44 4598 l
125 4573 201 4624 tam
223 4548 289 4626 hac
307 4573 449 4625 tattone
466 4543 701 4624 monstrosum
720 4544 758 4619 in
776 4544 924 4622 modurn
937 4546 1095 4645 perverti
1104 4549 1220 4647 posse,
1246 4555 1349 4634 itant
1366 4588 1430 4640 no·

33 4643 50 4731 s
128 4650 181 4725 bis
198 4648 284 4726 dein
304 4648 401 4725 aliud
420 4646 561 4750 penitus
578 4648 651 4723 esse'
662 4646 852 4737 videatur,
875 4668 985 4745 quam
1002 4642 1146 4743 quidem
1160 4658 1427 4740 naturaliter&
1452 4684 1609 4775 1²³8·315·

32 4751 48 4796 '³
216 4756 312 4827 Tam.
340 4749 395 4822 tt.
915 4831 920 4839 ,
993 4748 1061 4818 XX
1268 4762 1387 4863 reapse
