3784 5459
479 301 555 417 64
869 273 1258 396 ACTA

245 500 407 573 AmErud·
426 496 657 599 eulogirmnm
680 490 718 568 in
745 489 891 567 mathest
916 490 1145 572 committere
1172 487 1434 586 censendnsfit,
1460 484 1739 598 {i‘quirfibicouo'

244 589 305 650 ΑΗ·
321 580 408 646 ¹⁶⁸⁸·
427 600 543 702 cipere
569 594 659 670 velit
685 594 769 669 duas
796 593 908 666 lineat
942 583 1125 692 parallelas
1150 590 1363 668 constituere
1388 596 1557 696 angulum
1593 593 1742 670 infinite

245 662 386 744 M‘Aug'
428 721 591 776 acutum.
618 696 687 768 IV.
716 692 826 786 Quod
847 689 967 810 hergo
993 692 1187 765 concedere
1213 718 1284 766 non
1314 694 1654 792 possumusAudioti
1674 717 1742 768 no·

295 809 300 818 ’
424 826 479 877 vae
506 790 743 881 mechanica,
770 789 872 864 illum
899 788 1101 864 stabssivisse
1129 816 1263 865 novum
1277 791 1396 866 Princi
1423 793 1521 885 ium,
1547 795 1662 868 multo
1672 790 1747 868 miss

427 924 493 975 nus
520 888 808 992 adstipulabimur
835 887 909 980 iili,
933 888 1032 989 quod
1049 888 1143 964 ratio
1172 889 1309 989 physica
1327 819 1538 984 enehorum,
1564 919 1652 993 quor
1662 917 1747 968 me*

425 997 522 1073 xime
549 994 587 1068 in
614 987 788 1066 machinis
814 987 1052 1081 admiramur,
1077 986 1149 1080 srt,
1175 988 1229 1063 uti
1256 987 1319 1092 ipfi
1344 989 1515 1084 videtur,
1542 991 1636 1066 ratio
1662 1015 1747 1066 mo-

424 1119 529 1171 tuum
556 1088 853 1194 compositorum.
880 1087 1127 1190 AEqnilibrium
1155 1087 1203 1162 cst
1230 1089 1351 1191 quies,
1377 1114 1453 1192 quae
1479 1115 1523 1165 ex
1547 1088 1747 1192 oppofirio²

425 1224 469 1274 ne
496 1194 647 1272 duorum
676 1212 841 1264 motuum
868 1186 1056 1289 aequalium
1080 1186 1228 1280 oritur,
1256 1188 1339 1263 hinc
1366 1214 1452 1290 ergo
1479 1188 1582 1264 unice
1608 1189 1645 1265 in
1663 1213 1747 1264 mom

426 1319 535 1373 tunm»
554 1288 753 1394 aequalitate
780 1290 815 1361 δι
841 1285 1064 1387 oppofitinne
1093 1287 1281 1389 equilibrii
1308 1287 1407 1363 causa
1441 1288 1628 1402 quaerenda
1655 1286 1703 1362 est
1727 1339 1745 1364 a

426 1397 557 1472 Motus
582 1386 795 1490 compositus
820 1386 880 1460 ille
909 1386 988 1477 est,
1013 1385 1076 1485 qui
1105 1386 1313 1487 producitur
1339 1387 1383 1461 ab
1409 1387 1670 1469 aliusmoribun
1696 1414 1742 1463 ae-

426 1495 588 1597 qualibus
614 1512 675 1568 aut
702 1485 930 1662 inaepualibus
956 1484 1053 1559 inter
1077 1483 1134 1577 se,
1159 1485 1330 1589 quifimui
1348 1485 1537 1588 impellunt
1554 1488 1746 1563 idemcot·

452 1619 491 1669 us
516 1590 636 1668 versus
663 1588 764 1665 diver
780 1612 816 1661 as
841 1584 1037 1688 regiones,
1064 1583 1100 1657 nr
1126 1611 1280 1688 quorum
1306 1586 1396 1662 adro
1423 1586 1638 1664 direniones
1664 1612 1742 1665 non

426 1620 507 1771 dunt
535 1689 723 1792 parallelae.
751 1686 849 1762 Hinc
876 1708 996 1760 motus
1022 1684 1238 1798 compofitus
1264 1685 1433 1789 poffibilir
1459 1685 1507 1761 est
1524 1686 1595 1762 fine
1610 1687 1744 1789 arquili-

427 1792 529 1883 brio,
554 1789 638 1891 quia
690 1784 812 1864 roduci
840 1783 955 1887 potest
972 1811 1004 1860 ,a
1031 1784 1188 1860 mottbus
1214 1786 1471 1888 inaequalibus,
1498 1810 1559 1861 aut
1577 1814 1596 1862 a
1614 1810 1744 1889 poten-

428 1891 509 1982 tiis,
536 1915 611 1991 quae
638 1816 820 1987 adplicata
850 1883 1073 1986 inaequaliter
1098 1906 1230 1986 agunt,
1259 1886 1374 1960 rursus
1402 1885 1637 1988 aequilibrium
1654 1910 1745 1987 quo·

426 2016 495 2091 que
569 1986 681 2066 ssthile
708 1982 755 2059 est
782 1982 853 2058 fine
878 2007 982 2058 motu
1009 1982 1237 2083 compohto,
1263 1984 1433 2086 quoniam
1462 1983 1575 2086 potest
1594 1986 1662 2059 erse
1689 1985 1747 2058 in·

426 2111 484 2163 ter
534 2111 594 2162 uas
621 2082 819 2184 potentiae,
871 2108 996 2159 uarum
1013 2081 1112 2157 lineae
1129 2082 1337 2158 dire'dhionis
1363 2085 1443 2159 sunt
1458 2084 1650 2197 parallelo.
1679 2085 1750 2158 In-

425 2186 550 2287 super,
576 2184 747 2286 quinam,
772 2109 916 2281 quado,
942 2207 1062 2257 morus
1088 2182 1302 2283 compofirus
1328 2184 1431 2257 conci
1457 2211 1470 2255 r
1496 2181 1607 2282 potest
1636 2182 1672 2254 in
1701 2179 1747 2253 li·

426 2309 580 2399 quorum
607 2282 824 2382 equilibrioi
851 2283 1006 2353 Interim
1025 2303 1145 2351 tamen
1161 2284 1257 2351 nulla
1283 2284 1388 2353 datur
1405 2209 1597 2378 adplicatio
1617 2301 1749 2381 poten·⁴

427 2406 583 2472 tratum,
607 2404 684 2479 quae
711 2404 755 2451 ex
780 2374 1029 2475 inequalibut,
1055 2373 1511 2474 fiscparatimsumantur‚
1538 2376 1752 2477 equulesfta

426 2482 499 2557 ciat
518 2493 584 2555 eas'
606 2472 856 2576 conjungendo
882 2471 920 2545 in
946 2468 1111 2547 machina
1137 2472 1312 2642 putidam,
1339 2498 1411 2547 uno
1428 2474 1558 2547 verbo:
1586 2477 1744 2551 Nullum

426 2580 533 2660 datur
560 2574 816 2678 aequilibrium,
841 2569 939 2667 cujus
956 2569 1050 2643 ratio
1078 2569 1139 2643 red
1165 2570 1177 2642 i
1203 2570 1412 2645 nondebeat
1429 2596 1491 2671 per
1509 2574 1745 2671 verumprin-

430 2678 566 2779 cipium
593 2671 857 2751 mechanicum.
882 2673 1046 2769 *Apparet
1074 2693 1161 2770 ergo
1188 2692 1328 2742 motum
1355 2668 1590 2771 compositum
1610 2670 1750 2744 nones-e

430 2778 466 2852 se
491 2774 630 2850 fontem
666 2773 700 2847 δι
728 2768 907 2870 originem
941 2766 1208 2843 onerationem
1237 2766 1414 2867 phyficam
1442 2766 1634 2843 efledhuum
1662 2769 1745 2843 illo·

427 2900 532 2965 rum,
558 2898 647 2975 qnos
671 2871 708 2948 in
736 2867 910 2944 machinis
937 2865 1176 2942 admiramur:
1203 2866 1262 2943 sed
1288 2866 1396 2940 solnm
1427 2868 1604 2942 rationem
1631 2866 1745 2968 adpli-

430 2972 535 3056 cundi
562 2969 742 3074 potentias
767 2967 937 3044 motrices
963 2975 1152 3068 utramque
1178 2964 1236 3039 hie
1255 2965 1370 3041 facere
1387 2967 1574 3067 paginam,
1601 2966 1746 3068 quando

428 3073 602 3150 nimirum
629 3070 751 3146 eadem
779 3066 955 3155 efficitur,
982 3088 1021 3138 ut
1048 3065 1236 3140 intendant
1261 3064 1454 3140 describere
1479 3065 1591 3164 spatia
1618 3065 1746 3140 ubire·

429 3171 574 3268 ciproce
601 3162 909 3264 proportionalia,
934 3185 1008 3259 quo
1033 3158 1075 3234 fit
1103 3182 1141 3233 ut
1169 3161 1367 3235 minoribus
1394 3163 1471 3263 pius
1497 3164 1601 3264 spatii
1621 3165 1749 3240 decur-

430 3264 580 3342 rendum
608 3260 650 3334 stt
676 3258 994 3357 eodemtempore‚
1019 3258 1258 3357 &majoribus
1282 3261 1421 3353 minus,
1446 3261 1746 3365 secundumprin·

397 3363 567 3464 ‘cipium
584 3355 766 3446 carreni,
795 3382 856 3457 ptr
882 3356 979 3471 quod
1001 3355 1117 3432 solum
1145 3384 1241 3459 aeque
1268 3361 1361 3436 clare
1396 3361 1496 3437 causa
1524 3362 1635 3462 potest
1662 3389 1751 3438 con-

432 3459 505 3562 cipi
538 3487 578 3536 ae
605 3454 787 3536 neceffitas
812 3454 1003 3556 aequrlibtii
1036 3455 1074 3531 in
1111 3459 1317 3534 machinis.
1353 3462 1564 3537 Notandum
1603 3487 1746 3567 quoque

432 3560 511 3651 est,
535 3559 622 3634 licet
649 3554 817 3660 potentia
846 3554 941 3629 X&
970 3558 1001 3630 Z
1028 3581 1101 3631 non
1128 3559 1237 3632 edient
1264 3557 1445 3659 adplicata
1472 3561 1671 3654 machion,
1705 3563 1746 3638 in

433 3685 504 3762 qun
531 3679 708 3760 coguntur
736 3655 787 3728 ira
815 3653 958 3729 moveri
983 3677 1022 3728 nt
1049 3679 1118 3729 una
1146 3658 1316 3734 tendente
1342 3684 1406 3771 per
1432 3683 1568 3762 partem
1594 3663 1667 3735 DX
1705 3661 1747 3736 li·

433 3785 507 3840 neae
533 3755 599 3832 suae
625 3753 853 3844 diredhionis,
880 3754 991 3828 altera
1008 3752 1133 3832 eodem
1160 3778 1231 3830 tem
1284 3783 1322 3831 re
1348 3759 1512 3834 intendat
1541 3786 1754 3860 percurrere·

478 3882 572 3936 rtem
598 3859 670 3932 ZD
694 3852 760 3931 sua
783 3853 885 3931 linea
911 3851 1202 3945 direerionis‚&
1256 3883 1275 3930 c
1297 3856 1501 3957 reciproce,
1526 3861 1579 3932 uri
1606 3862 1748 3936 anobis

432 3883 503 4034 idn
529 3953 743 4056 suppofitum
763 4008 776 4046 ,
800 3952 858 4029 sed
883 3975 1026 4034 rantum
1053 3952 1236 4029 traherent
1263 3983 1324 4057 per
1351 3960 1438 4033 duos
1464 3958 1642 4034 funiculos
1668 3963 1746 4035 xD

394 4064 401 4076 '
433 4056 554 4132 &ZD
579 4054 768 4155 colligatos
794 4053 904 4142 inD,
930 4077 976 4126 ex
1001 4077 1074 4166 quo
1102 4053 1270 4154 penderet
1298 4080 1434 4130 certum
1462 4058 1641 4159 quoddam
1660 4085 1754 4160 pons

433 4156 518 4246 dus,
544 4154 579 4227 n
606 4152 851 4229 incumbentes
876 4152 1045 4228 trochlets
1071 4155 1103 4228 X
1132 4153 1167 4226 δι
1194 4157 1246 4246 Z,
1272 4180 1348 4254 qne
1375 4154 1572 4232 inserviunt
1600 4159 1750 4233 adilina

431 4254 635 4355 dirigendas
662 4252 697 4326 &
722 4248 982 4343 sustentandas,
1007 4249 1125 4327 casum
1151 4252 1244 4328 hunc
1269 4256 1577 4356 aequedependere
1602 4259 1749 4332 ettCar·

434 4352 512 4430 testi
540 4349 716 4453 principio
743 4374 783 4424 ac
800 4349 989 4523 priorem.
1014 4356 1112 4427 Cum
1131 4351 1226 4426 enim
1254 4351 1312 4427 hic
1330 4355 1498 4454 potentia
1523 4355 1750 4454 conjundiim

436 4473 546 4548 agant
573 4474 699 4525 contra
727 4473 798 4547 pon
825 4471 864 4521 us
890 4446 1088 4547 suspensum
1115 4446 1153 4524 in
1179 4453 1248 4542 D,
1284 4453 1494 4529 confiderari
1522 4458 1557 4530 δι
1584 4455 1751 4533 :estimari

434 4571 509 4624 non
537 4545 663 4623 debent
692 4546 756 4623 nist
781 4545 972 4624 secundum
1000 4545 1096 4622 suam
1114 4574 1341 4626 communem
1358 4552 1408 4627 im
1436 4553 1645 4648 restionem,
1671 4582 1750 4659 qua

435 4665 552 4722 tentat
578 4646 720 4724 trahere
744 4647 880 4750 pondus
907 4648 947 4723 D
976 4644 1094 4726 versus
1119 4651 1155 4723 A
1182 4675 1246 4752 per
1271 4653 1382 4752 DA,
1408 4581 1492 4731 dum
1518 4682 1539 4732 a
1566 4655 1754 4760 grauitate

1633 4753 1697 4832 sua
