3784 5459
511 245 629 377 148'
795 248 1283 349 -rbcuu

272 442 435 516 AuAEr‘ud.
458 452 599 526 ratione
628 448 800 525 machina
827 446 1006 524 desellum
1034 448 1234 537 deducere3
1263 448 1425 525 machina
1452 474 1571 530 autem
1588 457 1686 538 facili
1716 494 1774 549 ng.-

272 535 332 592 An.
350 528 435 620 1682.
457 550 559 653 gotio
587 548 637 623 ita
664 549 917 639 construatur,
945 572 985 621 nt
1014 550 1109 623 nulla
1137 550 1188 623 ibi
1215 549 1327 625 veliis
1353 550 1449 625 ratio
1476 551 1599 653 haberi
1626 588 1735 663 queat
1762 602 1772 646 r

274 609 427 681 M'Junn'
455 651 649 741 Leslores,
676 648 801 750 quibus
827 646 1039 721 instruendis
1066 648 1195 746 scripta
1222 649 1294 723 haec
1322 649 1565 759 destinantur,
1592 657 1710 740 statim
1721 669 1772 764 ju·

455 749 654 841 dicassent,
687 773 877 821 corruente
930 747 1082 847 raecipuo
1109 747 1322 844 objesiionis
1355 751 1628 851 fundamento,
1663 764 1773 866 ipsam

456 876 598 952 quoque
625 846 866 943 objeslionem
894 774 981 921 dare
1009 872 1082 920 non
1112 849 1222 946 posse.
1251 851 1339 923 Non
1367 850 1479 952 igitur
1505 856 1772 945 immeritome.

455 950 599 1023 ruebam
626 948 768 1039 adhuc,
805 974 849 1020 ne
877 947 1066 1021 Publicum
1093 945 1150 1046 spe
1178 946 1345 1022 successus
1371 957 1535 1053 perpetui
1563 963 1707 1050 mobilis
1732 972 1768 1047 in

482 1047 633 1122 osterum
660 1047 902 1122 deluderetur.
932 1052 985 1120 At
1014 1046 1152 1147 inquit:
1182 1047 1242 1121 alae
1270 1046 1368 1122 sollis
1393 1077 1467 1126 non
1487 1060 1628 1155 possunt
1660 1075 1766 1167 paral.

454 1077 527 1227 lelo
555 1171 656 1223 motu
683 1147 802 1237 ferri,
830 1145 893 1237 nisi
921 1144 959 1219 in
987 1146 1153 1223 ambabus
1179 1148 1472 1237 extre-mitatibus'
1490 1162 1675 1261 aqualiter
1697 1196 1767 1269 pre.

454 1236 687 1322 man'turz'a'c
715 1246 865 1348 proinde
888 1245 1015 1346 sponte
1043 1247 1219 1320 rationem
1237 1248 1395 1324 vcslium
1423 1252 1590 1334 induent.
1620 1271 1707 1344 Haec
1724 1274 1766 1345 al.

455 1369 532 1420 teta
559 1346 656 1421 inter
684 1373 748 1421 nos
775 1345 1018 1421 controversia
1046 1345 1208 1447 procedit
1244 1374 1286 1422 ex
1315 1350 1424 1452 altera
1453 1357 1553 1433 causa
1587 1388 1608 1437 a
1637 1391 1692 1441 me
1718 1366 1767 1446 su-

454 1445 573 1545 perius
601 1446 726 1538 allata,
752 1446 848 1547 quod
876 1444 1050 1520 nimirum
1067 1440 1137 1519 Vir
1164 1446 1372 1522 clariffimus
1399 1452 1442 1525 ad
1469 1482 1593 1533 omnes
1621 1466 1767 1545 circum·

455 1543 599 1617 stantius
627 1573 700 1620 non
725 1545 946 1621 attenderit:
985 1544 1157 1643 ejusmodi
1185 1545 1281 1620 enim
1307 1547 1446 1624 sollium
1476 1557 1537 1630 alae
1564 1586 1627 1659 per
1653 1568 1767 1671 virgas

453 1641 583 1716 ferreas
608 1645 704 1720 sacili
733 1645 881 1746 negotio
909 1644 959 1719 ita
986 1645 1221 1745 diriguntur,
1248 1671 1287 1719 ut
1315 1676 1334 1722 a
1363 1653 1597 1748 parallelismo
1624 1664 1764 1745 deviare

452 1768 668 1842 nequeant,
699 1744 838 1820 'etiamst
873 1745 911 1819 in
947 1743 1120 1818 alterutra
1156 1746 1385 1822 extremitate
1422 1752 1538 1828 multo
1575 1757 1763 1846 fortiorem

453 1867 558 1941 quam
587 1844 625 1935 in
654 1845 765 1920 altera
793 1843 1003 1944 pressionem
1033 1843 1239 1947 patiantur.
1266 1847 1324 1919 Sic
1352 1848 1463 1948 igitur
1492 1877 1616 1954 patet,
1643 1890 1763 1949 omnes

452 1939 548 2015 inter
575 1969 640 2016 nos
666 1942 747 2016 lites
763 1941 934 2017 facillime
950 1943 1088 2017 dirimi.
1118 1947 1378 2040 Fateorenim,
1406 1953 1538 2028 mobile
1558 1984 1762 2063 perpetuum

452 2040 568 2116 valide
596 2041 679 2118 satis
705 2043 748 2116 ab
776 2068 819 2116 eo
845 2041 945 2116 fuisse
973 2041 1243 2144 impugnatum,
1270 2072 1335 2145 pro
1362 2052 1622 2152 peritioribuS,
1649 2091 1686 2139 ut
1711 2069 1763 2144 su.

451 2167 515 2242 pra
543 2141 635 2216 dixi:
666 2168 780 2242 neque
806 2140 1042 2242 proculdubio
1069 2142 1140 2243 ipse
1168 2145 1406 2241 inficiabitur,
1431 2154 1517 2252 quin
1535 2157 1572 2232 in
1590 2164 1762 2244 meiscon·

451 2263 510 2313 tra
537 2241 683 2313 eandem
721 2240 922 2313 machinam
950 2240 1118 2341 scriptis,
1153 2271 1229 2345 quae
1256 2269 1332 2320 tum
1368 2249 1406 2323 in
1433 2253 1663 2352 Ephenterid.
1694 2272 1766 2343 An·

452 2336 534 2436 glic.
564 2347 642 2425 tum
670 2336 707 2409 in
733 2338 880 2409 Novell.
908 2343 1034 2431 Batav.
1063 2362 1206 2433 extant,
1235 2345 1414 2423 intentum
1443 2357 1583 2452 prorsus
1609 2362 1766 2442 obtinne.

450 2434 550 2509 rim:
581 2435 604 2508 st
631 2433 754 2510 saltem
782 2435 826 2509 ad
853 2435 897 2508 id·
916 2435 1076 2513 animum
1104 2443 1287 2537 advertat,
1314 2450 1409 2549 q'uod
1431 2458 1594 2553 expressls
1618 2462 1670 2536 ibi
1691 2494 1766 2542 ver·

451 2534 505 2608 bis
532 2535 740 2622 declaravi,
777 2560 832 2607 me
859 2536 951 2607 velle
972 2552 1090 2613 'novas
1117 2542 1286 2619 machinae
1314 2548 1540 2627 alterationes
1567 2560 1645 2632 aliis
1670 2566 1767 2640 refu-

452 2635 576 2709 tandas
602 2633 828 2747 relinquere.
855 2635 1016 2735 Superest
1044 2660 1082 2711 ut
1110 2641 1258 2735 addam,
1286 2648 1494 2724 verissimam
1523 2656 1589 2728 esse
1616 2659 1768 2737 clariffi-

452 2731 504 2803 mi
524 2734 723 2815 Bernoullti
750 2733 1058 2828 observationem,
1086 2741 1181 2839 quod
1201 2741 1223 2813 sl
1241 2744 1316 2816 axis
1343 2772 1456 2823 motus
1483 2751 1578 2828 inter
1597 2782 1765 2838 centrum

450 2820 649 2932 gravitatia'
667 2834 701 2905 &
719 2830 903 2908 dimidiam
932 2834 1102 2913 machina
1129 2839 1355 2918 altitudinem
1381 2874 1426 2948 ap
1450 2851 1597 2946 licetur,
1625 2861 1762 2956 poterit

448 2924 639 3006 vasculum
659 2931 710 3006 ita
737 2932 935 3024 collocari,
963 2957 1002 3008 ut
1019 2960 1137 3012 motus
1165 2966 1352 3042 perpetuus
1378 2877 1461 3021 inse
1486 2949 1691 3053 sequuturos
1707 2959 1764 3035 so-

450 3054 528 3121 ret,
555 3030 579 3104 fi
605 3029 677 3104 sola
705 3032 873 3106 mercurii
900 3034 1055 3110 altitudo
1081 3038 1323 3150 spellaret'ur.
1360 3048 1443 3120 Hoc
1470 3049 1597 3149 igitur
1616 3056 1694 3132 'casu
1730 3086 1764 3135 a·

350 3199 351 3202 ,
449 3128 580 3202 siarum
607 3126 788 3202 causarum
816 3131 1010 3227 alterutra,
1036 3160 1130 3210 rano
1157 3137 1290 3215 scilicet
1319 3144 1452 3241 veslis,
1480 3153 1538 3223 vel
1565 3149 1761 3233 alarumin·

352 3248 355 3254 ¹
450 3226 590 3326 aqualis
617 3224 800 3317 latitudo,
835 3228 872 3303 in
900 3228 1086 3309 subsidium
1113 3241 1303 3314 necessario
1331 3247 1491 3322 vocanda
1518 3250 1645 3329 forcti
1674 3256 1762 3351 jam·

376 3399 378 3402 ,
448 3350 521 3425 que
545 3326 683 3398 nullum
711 3327 805 3401 circa
832 3331 1016 3429 proposita
1044 3335 1217 3412 machina
1250 3338 1389 3417 futuros
1415 3347 1585 3426 successus
1616 3353 1760 3433 dubium

447 3421 613 3498 residium
640 3423 689 3497 iri
712 3424 725 3498 s
752 3449 840 3515 ero;
869 3432 930 3531 qui
957 3431 1026 3507 fnit
1054 3434 1419 3539 utriusque'nostrum
1439 3448 1569 3524 unicus
1594 3452 1760 3555 scopus&

446 3520 551 3609 finis.
578 3452 892 3616 Quemadmodum
920 3532 1016 3607 enim
1045 3560 1088 3607 ex
1115 3539 1263 3613 Novell.
1284 3545 1361 3616 Bat.
1390 3558 1591 3643 ann01687
1611 3581 1761 3656 pag.7to

450 3618 534 3693 satis
561 3640 678 3721 patet,
705 3624 748 3696 de
775 3623 906 3703 decessi
933 3631 1037 3730 hujus
1064 3637 1195 3710 erroris
1221 3641 1335 3739 gloria
1365 3668 1421 3716 me
1448 3672 1573 3745 parum
1601 3656 1668 3726 esse
1696 3652 1761 3729 sos-

441 3716 623 3813 licitum,
661 3720 705 3794 stc
733 3722 840 3817 etiam
869 3728 964 3804 idem
992 3730 1034 3805 de
1060 3731 1094 3804 se
1121 3738 1238 3810 asserit
1265 3740 1473 3819 clarissimus
1499 3752 1762 3848 Bernoullius,

448 3814 620 3990 facilepue
655 3817 761 3895 sidem
789 3821 978 3903 inveniet:
1017 3830 1095 3930 quis
1122 3835 1219 3909 enim
1255 3837 1434 3934 miretur,
1470 3848 1600 3923 Virum
1629 3878 1760 3957 magno

449 3940 530 3990 cum
573 3919 707 3996 necessu
733 3926 958 4024 gravioribus
984 3926 1165 4013 intentum
1191 3935 1329 4017 leviora
1355 3942 1458 4043 parvi
1485 3946 1620 4024 sacerel
