3784 5459
460 278 503 381 E
536 311 569 377 a
604 307 703 376 uin
733 304 821 372 tt
854 302 888 371 o
920 276 1024 373 ur'i
1053 307 1114 376 in.
1270 274 1393 411 489·

146 491 262 572 etliid
288 491 413 571 fecerit
430 486 634 583 camelius:
662 509 747 560 cum
770 482 871 557 linea
894 480 942 555 fic
956 481 1135 582 descripta
1163 489 1198 561 &
1226 491 1643 577 exiuoefineiddssriu

148 590 401 666 &utilissimas
427 588 579 662 habeant
597 584 853 686 proprietates,
879 580 1257 663 &transcendentibus
1283 597 1461 692 quantita·
1486 578 1641 662 ΛΜΨ·

151 691 247 765 tibin
271 690 339 764 lint
365 686 662 763 accommodata.
687 687 780 757 Sunt
804 704 925 755 tamen
954 680 1084 755 &alia
1103 682 1327 764 conslrueiidi
1355 698 1463 772 ratio·
1563 677 1623 743 ‘pt'

152 813 239 878 nes,
264 814 340 889 qua
365 784 500 886 aliquid
518 780 657 877 Phyllei
684 779 851 854 videntur
877 777 1004 853 habere
1033 779 1245 859 admistum:
1276 792 1359 864 utsi
1411 799 1464 872 uis

198 886 379 960 oblemata
411 878 632 959 Geomerriae
667 877 968 954 determinttricis
1002 876 1218 955 construeret
1252 908 1314 984 per
1349 821 1475 971 radios

151 911 243 1058 luicis
268 985 396 1083 (quod
421 980 507 1083 saepe
533 1003 614 1053 cum
640 976 760 1054 sruslu
784 975 864 1050 sieri
892 977 1043 1077 posset)
1078 1004 1139 1053 aut
1163 985 1464 1080 quemadmodum

154 1106 222 1158 nos
248 1107 366 1156 aream
377 1078 593 1180 Hyperbolae
620 1074 895 1178 quadravimus,
921 1076 980 1149 vel
1006 1076 1242 1176 logarithmos
1269 1083 1465 1161 construxi·

155 1205 256 1271 inus,
282 1202 385 1254 motu
410 1175 609 1278 composito
636 1203 679 1250 ex
706 1174 868 1278 aequabili
893 1175 929 1248 8<
938 1201 1001 1275 per
1026 1172 1231 1252 sridlionem
1250 1182 1466 1263 uniformem

155 1280 359 1364 retardato;
386 1277 444 1350 vel
469 1302 537 1375 ope
554 1274 692 1350 chordae
720 1274 788 1349 sive
806 1297 937 1347 carenti
965 1272 1121 1373 pondere
1139 1278 1309 1374 praditae,
1335 1284 1479 1361 lineam·

158 1376 376 1452 catenariam
394 1376 452 1449 vel
470 1374 703 1448 funicularem
731 1373 787 1463 (la
806 1370 1010 1461 chainetre)
1036 1373 1300 1453 constituentis.
1328 1386 1467 1486 thui-

117 1548 128 1572 2
159 1477 240 1551 dem
268 1475 424 1549 flexisti
442 1473 483 1547 lit
501 1470 725 1548 construendi
752 1471 867 1560 ratio,
895 1470 1066 1571 recipitur
1082 1472 1350 1556 inGeometriae
1368 1472 1468 1561 thio

159 1574 282 1663 riam,
309 1572 332 1646 li
355 1570 468 1646 facilis
495 1570 536 1643 sit
564 1571 759 1669 utilisque,
787 1568 898 1667 potest
926 1569 1037 1668 recipi
1064 1569 1102 1643 in
1129 1574 1275 1670 praxin.
1304 1582 1402 1656 Nam
1431 1578 1467 1659 ὃς

146 1675 284 1761 ,ταύτης
308 1668 496 1745 secundum
525 1692 638 1743 certas
665 1665 875 1767 hypotheses
902 1665 1264 1746 fadiueGeometricae
1276 1676 1474 1757 entiam-1

163 1770 297 1860 tionis,
322 1771 484 1868 exemplo
499 1766 636 1842 Centri'
657 1766 864 1867 gravitatis.
890 1764 954 1839 Est
979 1788 1100 1841 autent
1126 1795 1261 1846 novum
1288 1778 1468 1877 quoddam

163 1890 285 1945 motus
309 1894 437 1968 genus,
463 1892 570 1966 quem
588 1889 655 1936 iios
671 1865 802 1959 opinor
818 1863 925 1959 primi
953 1863 997 1933 ad
1013 1864 1294 1942 construsliones
1311 1883 1476 1952 Geome.·

158 1968 268 2043 tricas
293 1966 539 2054 adhibuimus,
564 1958 745 2032 occasione
770 1981 855 2031 mox
881 1956 1050 2044 dicenda,
1074 1963 1169 2033 Cum
1192 1973 1468 2062 ptaecaeterisvi-

160 2069 286 2142 deatur
314 2064 439 2139 referri
468 2061 561 2161 posse
579 2058 622 2133 ad
639 2081 762 2157 puram
775 2054 1047 2146 Geometriam,
1074 2058 1259 2163 affiniaque
1283 2065 1325 2142 fit
1342 2071 1476 2148 descri-¹

159 2162 286 2283 ptioni
313 2163 487 2237 linearum
517 2184 578 2261 per
595 2154 655 2230 fila
682 2180 726 2231 eir
742 2154 920 2230 umbilicis
947 2153 1017 2230 sive
1035 2153 1151 2248 focie3
1205 2164 1469 2271 uandoquidem

156 2292 198 2339 in
216 2289 259 2335 eo
284 2261 378 2334 nihil
405 2261 499 2335 aliud
525 2255 742 2359 requiritur,
768 2278 874 2355 quani
894 2276 934 2327 ut
953 2253 1154 2353 pundluui,
1178 2186 1311 2339 lineam
1339 2269 1473 2373 in·pla·'

162 2356 458 2455 subdescribere,
484 2361 526 2436 ad
545 2381 650 2431 unam
677 2353 945 2429 extremitatem
962 2349 1035 2444 fili,
1062 2354 1237 2435 incudem
1255 2366 1362 2464 plano
1387 2369 1472 2461 (vel

162 2459 421 2561 aequivalente)
450 2456 573 2559 positi,
600 2453 808 2554 alligatum,
833 2474 1023 2528 moveatur
1048 2454 1159 2530 altera
1174 2466 1400 2546 extremitate
1417 2468 1472 2545 fili

166 2582 289 2643 mota,
315 2555 372 2630 sed
392 2556 530 2631 nonnisi
556 2552 879 2655 permistionem,
913 2576 986 2624 noti
1008 2575 1097 2627 vero
1123 2582 1186 2656 per
1211 2560 1403 2664 impulsum
1430 2566 1471 2645 iii

167 2654 436 2743 transversum,
463 2652 524 2753 qui
543 2677 608 2725 riec
635 2678 655 2723 a
680 2648 744 2721 silo
770 2649 818 2720 ob
843 2648 1105 2725 flexibilitatem
1130 2656 1232 2732 debet
1249 2665 1431 2763 expesliri
1457 2700 1468 2743 e

167 2755 333 2831 trahatur
357 2777 474 2827 autem
494 2750 529 2823 in
549 2744 720 2848 ipsiussili
739 2743 827 2819 tensi
846 2744 909 2819 seu
927 2742 1102 2822 trahentis
1117 2749 1344 2850 diresliotiei
1371 2764 1470 2863 quod

166 2853 279 2955 perse
296 2850 437 2940 euenit,
463 2847 632 2922 sinullum
650 2844 688 2916 in
705 2843 1010 2918 itiitereoccurrat
1028 2846 1341 2945 impedimentum.
1369 2867 1472 2955 Quo-
1608 2860 1615 2867 ’

164 2954 265 3029 niam
291 2975 410 3024 tamen
428 2946 527 3019 filum
546 2939 750 3029 materiale,
773 2952 1047 3040 cumuunquam
1065 2942 1191 3020 habeat
1217 2951 1393 3030 summam
1410 2956 1472 3034 fle·

164 3050 384 3126 xibiliratem
411 3068 518 3144 quam
528 3035 740 3117 Geometria
757 3035 947 3136 supponit,
971 3037 1074 3111 facile
1083 3037 1210 3135 stylum
1226 3046 1284 3123 seu
1295 3052 1472 3163 punslum

163 3148 380 3235 describens,
408 3142 519 3243 (quip
580 3139 618 3213 in
634 3137 740 3237 plano
755 3134 865 3209 libere
883 3134 1084 3235 politum,)
1109 3143 1274 3218 nonnihil
1292 3175 1329 3223 in
1356 3174 1471 3227 trans·

164 3246 308 3322 versum
336 3268 438 3343 agere
456 3267 502 3341 po
530 3260 567 3312 et
587 3288 598 3328 ,
623 3237 674 3309 ita
693 3256 732 3307 ut
749 3256 868 3308 motus
885 3232 965 3327 styli
996 3260 1071 3308 noir
1095 3240 1181 3314 esset
1199 3244 1292 3322 nuda
1310 3250 1469 3343 tridlior
1489 3217 1561 3327 ΡΨ.
1581 3221 1653 3304 3⁸⁷⁴

164 3346 252 3421 ideo
277 3341 533 3441 impedimento
566 3331 744 3413 materiali
771 3332 959 3408 commode
981 3336 1183 3412 occurritur
1210 3346 1370 3421 remedio
1402 3374 1476 3430 ina-

163 3442 305 3533 teriali‚
332 3465 370 3512 ut
393 3437 528 3511 scilicet
554 3432 655 3509 causa
682 3430 752 3522 sit,
787 3456 862 3529 quoe
886 3430 1058 3529 punsium
1085 3433 1282 3516 describeris
1306 3449 1474 3526 nonnihil

168 3541 280 3617 faciat
306 3537 367 3612 vel
393 3534 547 3635 opprimi
580 3532 642 3605 vel
669 3527 843 3605 adhatere
876 3530 960 3603 loco
987 3530 1084 3645 plani
1118 3535 1174 3608 cui
1200 3538 1287 3615 inesl
1314 3570 1325 3633 5
1360 3548 1475 3647 quilii

172 3639 277 3715 c'ausa
307 3636 377 3709 else
413 3630 525 3733 potest
558 3627 694 3731 pondiu
751 3626 860 3702 undio
893 3626 1105 3703 describenti
1138 3633 1382 3736 incumbent,
1415 3644 1476 3724 seu

172 3734 438 3835 conjunblum,
472 3755 546 3831 quo
580 3725 696 3839 ipsum
725 3652 794 3840 boc
830 3725 1001 3824 punslum
1035 3730 1258 3843 opprimetur
1281 3740 1389 3841 plano
1414 3744 1478 3820 lio-

170 3831 371 3922 murali,
397 3830 434 3904 in
458 3854 533 3932 quo
557 3850 729 3918 moveri,
754 3826 956 3925 lineamque
982 3825 1177 3905 describere
1201 3835 1331 3912 debet.
1366 3844 1424 3915 lta
1449 3843 1476 3917 si

166 3931 373 4011 refistentia'
393 3924 661 4016 incumbentis,
691 3950 761 4025 qua
795 3921 837 3998 fir
864 3946 904 3998 ut
930 3948 1004 3999 noti
1030 3925 1199 4006 facillime
1224 3936 1308 4010 loco
1334 3959 1476 4016 movea-

168 4040 263 4122 tur,
298 4027 483 4130 pravaleat
508 4024 663 4101 omuino
687 4023 820 4124 exiguae
844 4020 899 4095 illi
934 4022 1075 4102 iefiduae
1105 4028 1146 4103 in
1171 4027 1235 4107 filo
1260 4032 1436 4133 rigiditati
1464 4093 1476 4132 ,
1579 4059 1587 4078 ¹

170 4128 294 4236 potius
311 4128 411 4201 redet
439 4122 541 4198 filum
567 4146 672 4222 atque
699 4121 935 4209 intendetur3
963 4146 1069 4229 atque
1089 4123 1142 4203 ita
1166 4152 1247 4229 aget
1272 4131 1478 4230 traslione,

170 4255 248 4307 non
273 4222 462 4324 impulsu,
488 4221 585 4318 quod
610 4244 721 4292 unuin
748 4219 817 4294 hoc
842 4221 925 4295 loco
952 4224 1148 4324 requiritur
1170 4225 1327 4326 respersi
1353 4233 1480 4332 punsli

172 4322 436 4407 describentis.
471 4318 571 4394 Hinc
595 4339 713 4391 autem
740 4314 782 4393 ht
803 4369 815 4409 ,
840 4341 881 4393 ut
908 4320 988 4395 talis
1010 4348 1131 4397 motus
1156 4324 1246 4398 mire
1270 4326 1314 4401 fir
1341 4354 1479 4409 accom-

164 4424 334 4507 modatus
361 4421 405 4496 td
422 4416 672 4494 Geometriani
690 4416 1020 4515 transcendentem,
1045 4422 1129 4522 quia
1145 4421 1352 4504 immediate
1371 4426 1480 4506 rescr-

166 4551 230 4602 mr
244 4522 297 4598 lad
317 4519 419 4597 linea
444 4538 633 4620 tangentes
657 4517 718 4625 rel
740 4515 1167 4712 direslionesQadeoque
1193 4524 1237 4600 ad
1260 4524 1478 4627 quantitates

220 4624 358 4695 -uiTitia
375 4622 420 4692 ll.
1006 4640 1062 4721 qq
1207 4628 1212 4633 ’
1359 4628 1427 4701 ele·
