3784 5459
422 254 749 409 f498·
932 230 1320 363 Aera
1832 3 1840 431 l

294 494 456 565 inerud-
526 496 630 579 Juxta
659 480 832 557 caleulum
859 479 909 550 D.
926 472 1061 547 Caffini
1086 525 1098 563 ,
1123 470 1187 543 illo
1204 468 1260 543 die
1289 494 1362 541 oon
1390 467 1453 543 nis
1481 496 1640 572 quatuor
1655 477 1764 553 satelli·

296 585 355 643 ΑΒ·
368 580 454 667 1⁶93·
475 617 528 666 tes
553 582 698 660 Saturni
725 577 838 652 videri
864 574 1085 650 debuerant:
1114 594 1198 682 uam
1224 566 1399 682 quintus,
1425 571 1496 669 qui¹
1516 572 1565 646 est
1592 577 1762 650 remotiffi·

294 661 340 799 Ψ·
363 656 445 807 Ἤρ
477 714 553 765 mus
578 687 622 758 ab
648 683 714 755 hoc
739 676 851 765 astro,
877 695 955 747 etat
981 669 1094 744 adluat
1120 694 1158 742 tn
1186 690 1286 766 parte
1313 670 1502 761 orientali,
1530 673 1591 747 ubi
1620 701 1691 748 noo
1714 702 1759 775 ap

318 752 366 814 δὲ
445 769 576 892 'paret
602 777 868 864 communiter,
895 792 1043 869 propter
1069 767 1254 847 rationem.
1274 767 1487 862 peculiarem
1515 798 1535 843 a
1561 775 1614 844 D.
1635 774 1759 847 Caffino
1839 788 1840 843 ζ

476 886 687 989 explicatam
713 878 750 950 in
777 871 1003 947 enarratione
1030 864 1321 941 observationum
1348 868 1393 941 dt
1421 870 1602 960 Saturno,
1632 871 1755 946 antebac
1839 848 1840 881 r

474 988 513 1061 in
539 983 715 1083 publicum
749 974 862 1045 edita.

525 1090 628 1159 Hora
645 1075 786 1151 decima
798 1067 933 1165 vesperi
952 1065 1162 1141 videbantur
1181 1089 1243 1163 ptr
1260 1064 1752 1167 telescopium34pedttrnoslo

478 1210 592 1286 parvae
601 1172 805 1250 stellaecirca
814 1174 1028 1255 Saturnum,
1051 1162 1489 1262 dispolitaeutinpraesenti
1498 1164 1643 1264 figurat
1664 1190 1750 1266 paret.

479 1290 596 1358 Erant
624 1275 699 1347 duae
724 1268 842 1344 versus
859 1265 1042 1338 meridiem
1060 1264 1098 1335 in
1116 1263 1208 1335 linea
1230 1261 1326 1334 reeta
1343 1261 1417 1334 fore
1436 1265 1598 1361 parallela
1616 1194 1751 1339 adaxem
1839 1290 1840 1337 l

299 1337 454 1412 TAB‘E‘
482 1377 605 1457 annuli
631 1368 834 1445 Saturnini:
864 1364 926 1437 iste
953 1362 1101 1436 annulus
1129 1360 1317 1460 apparebat
1343 1359 1461 1460 figura
1485 1362 1581 1435 ovali
1606 1362 1752 1460 cujutmi·
1839 1412 1840 1455 3

479 1479 577 1556 nima
604 1471 777 1547 diameter
802 1487 880 1538 erat
906 1463 1010 1561 paulo
1039 1459 1152 1558 major
1179 1460 1356 1532 diametro
1383 1460 1482 1558 globi
1506 1460 1696 1533 Saturnini:
1719 1481 1750 1533 tt
1839 1482 1840 1543 ξ

480 1572 702 1652 Βιῦαίῖὶηιιε
719 1567 854 1664 semper
870 1560 1098 1649 observabat,
1124 1558 1267 1658 quando
1276 1562 1455 1630 Saturnus
1465 1558 1615 1631 estioter
1625 1558 1748 1658 zograd
1839 1560 1840 1619 l

479 1669 686 1770 Scorpionis
712 1668 749 1738 ἃ
768 1690 812 1735 20
829 1659 1067 1760 Capricorni,
1093 1660 1129 1731 δι
1153 1657 1263 1730 etiam
1290 1657 1434 1759 quaudo
1458 1656 1506 1730 est
1522 1655 1560 1729 in
1576 1654 1748 1732 duobusli·

479 1772 558 1875 gnis
584 1763 763 1866 oppositis

531 1865 798 1940 Observabatur
822 1858 932 1929 etiam
958 1853 1120 1952 aliqualis
1146 1854 1310 1945 umbra,
1342 1882 1448 1957 quam
1483 1858 1608 1969 globus
1631 1851 1747 1928 Saturni

479 1965 519 2039 in
545 1983 682 2059 partem
711 1954 944 2056 posteriorem
966 1951 1109 2040 annuli,
1132 1978 1217 2050 qua·
1233 1952 1543 2054 septentrionalior
1570 1978 1661 2043 erat,
1684 1951 1746 2023 tnir·

480 2062 601 2136 rebat:
627 2058 663 2130 δι
690 2051 976 2156 quandoquidem
989 2053 1162 2125 Saturnus
1186 2074 1271 2124 tunc
1299 2079 1377 2126 erat
1404 2056 1521 2128 versus
1545 2055 1632 2128 Solis
1654 2050 1746 2123 orien-
1839 2106 1840 2171 p

480 2184 579 2249 tem,
605 2155 667 2230 ista
693 2154 817 2228 umbra
844 2155 952 2224 etiam
979 2150 1147 2248 vergebat
1175 2151 1440 2226 adorientem:
1471 2157 1521 2226 D.
1546 2146 1747 2243 Calliomju
1839 2174 1840 2247 l

482 2257 652 2344 dicabat,
677 2253 772 2352 quod
798 2249 1010 2323 orientalior
1036 2250 1162 2323 harum
1189 2249 1338 2325 duarum
1364 2251 1539 2324 stellarum
1568 2248 1748 2323 meridiona-
1839 2306 1840 2309 ,

481 2356 570 2437 lium
598 2352 757 2465 respesht
782 2349 925 2424 Saturni
953 2347 1061 2423 suerit
1086 2371 1233 2447 quartus
1253 2352 1419 2441 Satelles,
1445 2348 1507 2449 qui
1537 2342 1750 2423 veniensasua

302 2494 374 2576 pag.
393 2509 462 2570 410,
482 2452 735 2547 conjunsitone
761 2448 800 2521 in
826 2445 888 2519 suo
915 2446 1138 2519 semicirculo
1163 2445 1332 2522 inferiore
1361 2450 1566 2549 procederet
1591 2441 1750 2518 versusdi·
1839 2512 1840 2521 ,

506 2552 693 2627 remoram
719 2545 974 2621 occidentalem
992 2576 1001 2618 t
1018 2602 1022 2611 .
1039 2545 1149 2618 altera
1175 2571 1263 2619 vero
1288 2546 1385 2622 stella
1412 2544 1662 2622 occidentaliot
1686 2541 1752 2612 eslet

481 2582 580 2740 ξω,
615 2645 733 2723 versus
767 2670 875 2745 quam
900 2648 1072 2716 Saturnus
1099 2645 1136 2715 &
1162 2641 1223 2715 isle
1247 2646 1394 2718 Satelles
1417 2647 1647 2743 procederent
1674 2640 1754 2731 juna
1789 2696 1797 2704 .

482 2770 601 2819 motus
626 2746 704 2814 suos
732 2744 940 2838 peculiares,
968 2740 1016 2812 ast
1044 2741 1207 2842 inaquali
1230 2742 1431 2833 celeritate,
1456 2742 1624 2843 quoniam
1642 2736 1754 2811 ilieSa·

482 2839 707 2915 tollesetiam
727 2838 911 2911 recedebat
928 2842 1117 2912 aSaturno
1145 2862 1245 2914 motu
1264 2842 1428 2953 proprio.
1839 2922 1840 2927 ,

530 2938 729 3013 Secundum
757 2935 857 3010 istam
884 2937 1094 3037 hypothefin
1121 2940 1313 3014 necessario
1338 2938 1409 3014 alla
1432 2940 1507 3015 dua
1532 2933 1754 3013 stelloesenlirr
1839 2962 1840 2983 ¹

480 3037 638 3115 invicem
665 3035 947 3135 appropinquare
975 3037 1178 3111 debebant:
1215 3038 1391 3138 &reipsa
1424 3042 1474 3113 D.
1501 3037 1663 3113 Callinut
1691 3058 1755 3109 tum

482 3136 657 3214 attentius
680 3134 881 3208 observaret
908 3160 1030 3208 aarum
1058 3159 1214 3227 motus,
1231 3138 1419 3212 evidenter
1445 3134 1692 3213 animadvertit
1715 3155 1759 3205 tat
1839 3138 1840 3155 ¹

482 3237 545 3309 sibi
571 3233 873 3332 appropinquare:
901 3260 984 3307 cum
1010 3236 1143 3309 etenim
1170 3262 1228 3310 eas
1250 3263 1476 3336 compararet
1504 3262 1585 3311 cum
1610 3235 1760 3307 linetae-
1839 3292 1840 3311 2

481 3332 619 3417 sarum,
646 3329 787 3401 videbat
813 3332 1010 3405 Satellitem
1036 3332 1110 3407 fere
1136 3334 1265 3411 diresie
1285 3330 1402 3411 versus
1417 3332 1532 3409 fixam
1551 3333 1680 3407 stellam
1697 3352 1760 3431 pro·
1839 3330 1840 3407 ἶ

483 3427 687 3500 cadentem:
716 3426 807 3538 unde
827 3429 1085 3529 concludebat,
1112 3436 1234 3510 eadem
1260 3435 1331 3534 ipsa
1360 3433 1465 3508 noste
1484 3430 1760 3532 conjuaslioatm
1839 3424 1840 3501 l

482 3524 813 3639 accuratamlrupus
837 3524 1000 3603 satellitis
1024 3558 1106 3606 cum
1133 3532 1236 3607 stella.
1255 3534 1326 3608 fixa
1351 3532 1529 3607 suturam.

533 3626 719 3734 Normalts
738 3650 767 3699 a
790 3623 938 3701 satellite
966 3628 1031 3703 illo
1057 3631 1162 3705 dosia
1187 3634 1230 3706 ad
1270 3657 1377 3707 axem
1412 3631 1534 3705 annuli
1561 3627 1763 3712 Saturnini,
1839 3626 1840 3633 ’

483 3722 744 3796 terminabatur
770 3747 848 3797 tum
875 3725 913 3800 in
941 3730 1060 3803 medio
1086 3728 1161 3826 ejus
1186 3732 1346 3830 nigroris
1379 3729 1569 3803 existentis.
1595 3730 1688 3802 inter
1718 3749 1766 3799 aa·

484 3821 609 3932 nulum
636 3822 672 3892 ἃ
697 3822 849 3919 globum.
867 3826 1039 3907 Saturaiz·
1058 3833 1093 3903 dt
1120 3826 1220 3903 lbolla
1243 3828 1314 3903 fixa
1342 3831 1450 3928 paulo
1475 3829 1554 3931 plus
1578 3855 1608 3901 a·
1623 3823 1766 3909 Sattffioe

482 3917 631 4032 distabat
654 3945 761 4019 quam
786 3948 806 3995 a
834 3923 969 4018 majore
993 3926 1171 4001 diametro
1196 3929 1337 4002 annuli.

531 4020 583 4102 l'nr
601 4021 695 4092 lroea
722 4021 1035 4098 ansarumSaturni
1063 4026 1101 4098 iu
1128 4028 1343 4104 occidentali
1362 4034 1475 4105 latere
1491 4049 1578 4099 erat
1637 4016 1769 4103 wasseb

481 4117 525 4190 la*
542 4168 553 4207 ,
571 4117 723 4230 distans·
743 4121 786 4194 ab
811 4121 895 4195 ansa
916 4123 1131 4197 occidentali
1157 4127 1262 4224 paulo
1290 4153 1324 4201 m
1374 4133 1405 4202 ia
1430 4152 1539 4227 quam
1571 4152 1591 4198 a
1624 4148 1706 4196 -atoe
1727 4121 1774 4190 Si·-

480 4238 599 4326 tarni:
629 4221 664 4289 ἃ
691 4216 753 4293 rsta
777 4218 991 4315 stella-juxta
1009 4225 1181 4298 caleulum
1208 4228 1258 4303 D.
1277 4231 1332 4301 Ca
1363 4227 1415 4301 rni
1443 4225 1602 4298 debebat
1627 4223 1694 4294 elle
1719 4241 1777 4289 tet·-

480 4313 725 4427 ttus'satollem
749 4322 848 4389 Tum
867 4315 966 4393 stella
981 4320 1073 4411 fixa,
1098 4326 1141 4396 de
1167 4348 1239 4421 qua
1257 4323 1394 4417 sermo,
1420 4324 1693 4421 propriorem
1708 4314 1776 4389 bs*

479 4426 591 4485 tertre
616 4410 759 4486 satelliti
784 4442 900 4527 qaam*
919 4417 1008 4499 ansa
1031 4422 1177 4495 Saturni
1203 4454 1212 4495 t
1242 4448 1367 4497 verum
1394 4420 1538 4495 decimo
1568 4419 1688 4520 supra
1704 4411 1776 4488 deti·

433 4542 436 4547 ·
478 4531 580 4619 taam
604 4508 729 4622 bptam
758 4539 900 4588 minuto
925 4543 1002 4589 erat
1019 4523 1141 4595 eadem
1160 4522 1340 4622 aqualiter
1357 4519 1719 4617 utrinqueremota,
1742 4509 1779 4585 ft·

479 4630 576 4679 ciens
593 4612 810 4708 triangulum
827 4616 985 4691 isosceles
1002 4617 1102 4717 cujus
1125 4621 1200 4721 ipsa
1225 4646 1300 4696 erat
1327 4643 1473 4708 vertex,
1502 4613 1688 4723 cujusque
1715 4608 1782 4688 hals

1662 4743 1751 4795 cont·
