3784 5459
456 223 1116 337 Euuotronun.
1279 234 1372 383 3&

136 448 243 527 etiam
262 441 552 545 corrigit'locum
581 440 673 542 apud
690 442 880 544 Josephum
907 444 969 519 lib.
992 472 1045 539 17.
1076 448 1169 525 Anti
1198 477 1229 527 u.
1258 480 1287 529 t.
1311 483 1363 531 ro.
1391 455 1452 533 ubi
1474 456 1635 526 turma.

34 581 40 622 r
161 578 200 626 ro
215 548 332 624 lladiis
348 545 433 619 nilo
451 543 578 644 reponi
594 543 722 619 debere
744 542 853 620 stadia
869 545 1050 639 ducenta,
1078 476 1302 629 maniieslum
1326 555 1378 631 ¹cll
1405 585 1450 633 ex
1475 546 1535 604 An·
1548 549 1633 634 ¹⁶⁹3·

134 580 193 727 iib.
207 677 235 723 1.
255 649 297 724 de
315 646 394 722 bell.
412 643 489 732 Jud.
508 670 584 744 cap.
598 670 654 718 21.
682 646 927 737 Quamobrem
949 672 1021 721 non
1040 646 1201 741 dubitat,
1227 652 1265 727 in
1283 656 1452 760 Antiqui.
1475 621 1521 686 Μ·
1542 621 1634 698 ΜΨ·

133 749 263 827 tatibus
290 775 356 849 pro
372 768 460 825 nota
477 744 621 819 numeri
647 745 877 822 ducentesimi
894 750 951 837 α’,
979 773 1103 824 notam
1124 749 1303 829 odonarii
1321 763 1348 830 ι’
1364 758 1453 834 irre-

34 881 37 920 r
131 852 251 954 pfiffe.
279 852 326 926 In
344 843 444 922 notis
461 845 505 920 ad
523 870 597 944 cap.
609 850 667 933 48.
687 842 872 939 observat,
899 871 962 946 per
980 846 1125 925 titulum
1144 849 1253 951 primi
1273 858 1451 951 nominis,

34 982 35 994 ¹
130 976 234 1053 quem
262 953 412 1023 Senatus
437 945 539 1044 juxta
566 944 794 1020 Laslantium
821 947 1274 1046 Constantino'decrevit,
1302 955 1453 1033 titulum

131 1050 292 1126 Maximi
310 1046 466 1149 intelligi
483 1044 628 1119 debere.
658 1048 726 1118 Per
738 1048 946 1137 Valerium,
973 1050 1289 1146 'cujusl-asianum
1307 1083 1382 1158 cap.
1398 1078 1452 1149 50.
1599 1129 1602 1136 ,

128 1151 319 1243 meminit,
346 1174 419 1222 non
437 1145 547 1221 alium
566 1144 721 1246 intelligi
741 1171 847 1223 notat
863 1148 1088 1241 Toinardus,
1107 1153 1213 1262 quam
1231 1155 1295 1256 qui
1313 1156 1357 1231 ab
1376 1160 1454 1231 Au.

126 1250 220 1325 relio
236 1250 385 1325 Vislore
401 1247 439 1322 in
458 1246 614 1347 epitome
625 1248 759 1319 Valens
776 1249 994 1349 appellatur,
1021 1250 1094 1327 five
1110 1254 1202 1352 apud
1220 1255 1452 1334 Laelamium

126 1349 227 1427 sacili
247 1374 370 1426 errore
388 1347 553 1423 Valentis
569 1369 702 1420 nomen
720 1345 757 1421 in
777 1350 917 1424 Valerii
935 1372 1115 1428 mutatum
1133 1352 1270 1448 suerit,
1289 1357 1359 1432 five
1378 1359 1452 1431 Inr-

127 1472 274 1555 perator
290 1450 351 1526 ille
378 1446 481 1523 simul
501 1444 667 1521 Valerius
685 1447 819 1521 Valens
845 1451 1043 1551 appellatus
1060 1453 1191 1548 fuerit,
1217 1454 1304 1531 stent
1332 1457 1453 1547 alius,

128 1550 227 1650 cujus
253 1574 420 1626 nummus
446 1550 490 1622 ab
509 1553 659 1622 Occone
685 1547 722 1619 &
739 1549 877 1622 Golzio
898 1549 1055 1626 refertur
1079 1555 1177 1629 inter
1195 1584 1240 1651 30
1259 1559 1453 1653 Tyranno·
1506 1621 1511 1632 .

125 1678 205 1728 rum
221 1651 461 1740 numismata,
484 1647 547 1749 qui
565 1644 736 1722 Gallieno
754 1646 954 1750 imperante
971 1651 1164 1753 imperium
1194 1655 1422 1757 arripuerunt
1440 1708 1451 1729 .

128 1749 313 1829 Postremo
339 1750 384 1827 ad
411 1775 485 1849 cap.
502 1770 555 1840 52.
573 1744 736 1821 observat
755 1801 767 1838 ,
793 1751 1004 1825 oratorie&
1023 1778 1150 1829 contra
1168 1752 1322 1833 historia
1341 1756 1451 1832 fidem

125 1852 293 1953 scripsisse
309 1850 561 1937 Laslautiunr,
588 1871 670 1922 cum
686 1846 763 1937 ait,
790 1849 979 1935 Joviorum
994 1853 1034 1925 1&
1054 1853 1313 1931 Herculiorum
1333 1856 1452 1932 nomi·

127 1981 174 2030 na
192 1949 371 2029 divinitus
389 1951 505 2026 deleta
522 1947 663 2023 &erasa
682 1945 724 2019 de
744 1969 838 2021 terra
858 1948 975 2023 fuisse.
994 1953 1233 2029 Contrarium
1250 1956 1349 2031 eninr
1368 1983 1451 2059 pro-

127 2052 216 2129 bant
235 2052 398 2144 nummi,
423 2047 606 2149 inquibus
622 2047 694 2121 duo
711 2045 843 2123 Licinii
862 2049 960 2134 Jovii
977 2050 1237 2127 inscribuntur.

124 2189 1456 2294 mmmmmmwwwwmmm

219 2364 1360 2511 Jaconrnuuuonttr

161 2565 620 2688 MATHEMATUM
650 2562 1027 2655 PROFESSORIS
1057 2569 1418 2656 BASILEENSIS

125 2765 461 2843 Cunvnruna
488 2763 616 2836 Vntt
639 2810 651 2850 ‚
684 2759 722 2831 in
737 2759 862 2833 litteris
880 2760 967 2847 Ejus
990 2761 1025 2833 d.
1045 2789 1077 2854 9.
1094 2764 1221 2839 Martii
1244 2765 1347 2858 hujus
1370 2767 1454 2843 anni
1676 2837 1702 2886 Ι

477 2860 622 2958 lipsiam
636 2860 832 2957 perscriptis
845 2863 1102 2935 communicata.

205 3058 240 3128 X
267 3052 339 3142 iis,
364 3076 442 3153 qua
468 3049 591 3126 Celeb.
607 3053 684 3127 Dn.
705 3048 960 3127 leibnitius&
978 3056 1060 3155 Ego
1087 3052 1260 3157 superiori
1287 3079 1384 3130 anno
1408 3055 1452 3134 de
1472 3067 1546 3155 Peg.
1561 3088 1628 3136 sot.

230 3150 485 3231 Loxodromiis
511 3152 680 3227 Nauticis
704 3150 744 3227 in
771 3153 886 3228 lucem
914 3152 1120 3244 emifimus,
1147 3152 1271 3257 colligi
1299 3156 1451 3255 potest,

153 3258 229 3333 uod
256 3256 402 3331 liverus
419 3250 538 3328 Navis
554 3250 703 3345 cursus,
727 3251 874 3355 ejusque
892 3250 1067 3330 velocitas
1081 3254 1219 3357 semper
1236 3256 1383 3357 cognita
1400 3258 1451 3332 es-

125 3282 233 3449 sent,
256 3355 380 3430 omnia
405 3352 488 3428 data
513 3351 758 3444 haberentur,
785 3352 1039 3456 supputarique
1056 3354 1099 3430 ad
1117 3353 1270 3457 quodvis
1290 3380 1451 3432 momen·

125 3479 210 3531 tum
232 3456 366 3555 posset,
392 3452 453 3526 ubi
473 3477 648 3528 terrarum
668 3452 771 3527 navis
787 3451 977 3545 versetur,
1003 3453 1042 3527 in
1085 3480 1133 3528 uo
1150 3451 1304 3530 consistit
1322 3456 1451 3532 ultima

123 3553 435 3633 Histiodromites
451 3551 646 3655 perseRio,
670 3550 1044 3627 &defideratiffimum
1059 3479 1345 3655 longitudinum
1363 3560 1450 3630 Pro·

127 3657 274 3732 blema.
315 3657 366 3735 At
393 3651 454 3727 illa
480 3654 553 3728 duo
578 3650 746 3753 cognosci
764 3675 976 3755 nequeunt,
1002 3649 1067 3726 nisr
1093 3653 1188 3752 prius
1215 3653 1451 3755 cognoscatur

127 3755 319 3857 quantitas
334 3749 552 3829 deviationis
568 3778 588 3827 a
606 3754 734 3854 plaga,
760 3751 799 3826 in
815 3777 923 3855 quarn
942 3751 1045 3831 navis
1062 3752 1231 3855 dirigitur
1254 3755 1397 3845 (Gallis
1414 3758 1452 3828 la

126 3860 251 3931 denne
277 3858 326 3930 du
352 3854 533 3950 Varffeau)
584 3880 634 3929 uae
660 3878 748 3928 vero
773 3879 839 3929 nec
862 3849 936 3952 ipsa
962 3850 1085 3929 haberi
1103 3854 1234 3956 potest,
1262 3853 1327 3929 nisr
1353 3856 1450 3956 prius

128 3957 286 4050 sciatur,
311 3955 413 4056 juxta
429 3981 537 4057 quam
555 3880 793 4030 duellionem
819 3953 941 4029 velum
970 3980 990 4028 a
1008 3953 1120 4030 vento
1138 3953 1365 4056 impellatur3
1393 3955 1452 4028 sed

128 4086 195 4134 nec
222 4058 300 4135 haec
326 4056 560 4132 determinari
579 4054 721 4171 potest,
747 4053 813 4130 nisr
839 4052 913 4155 ipsa
930 4054 1013 4129 Veli
1031 4055 1239 4131 Curvatura
1264 4077 1453 4153 comperta
1489 4103 1493 4110 ·

127 4158 329 4253 habeatur,
355 4159 444 4234 adeo
461 4181 501 4231 ut
528 4177 641 4230 totius
658 4154 797 4257 negotii
815 4153 997 4230 certitudo
1013 4154 1158 4231 tandem
1185 4155 1223 4229 in
1242 4153 1453 4254 cognitione

129 4265 270 4361 figure
285 4260 358 4336 vesi
384 4258 629 4347 terminetur,
655 4281 732 4357 quae
758 4253 842 4354 quia
869 4253 1048 4356 hucusque
1074 4255 1211 4343 latuit,
1237 4251 1386 4343 effecit,
1413 4274 1454 4327 ut

132 4364 272 4438 Naurae
290 4360 451 4436 nondum
469 4355 635 4458 o‘ptatum
653 4355 690 4428 in
709 4352 764 4428 his
780 4350 889 4428 finem
907 4355 1038 4457 assequi
1056 4351 1242 4457 potuerint
1260 4405 1272 4444 ,
1298 4353 1334 4426 &
1358 4351 1457 4430 salla·

129 4462 233 4539 cibus
251 4462 391 4579 plerum
421 4485 463 4533 ue
483 4453 700 4556 conjesluris
717 4452 949 4562 deludantur.

182 4569 289 4644 Huic
317 4485 570 4675 inviiligandz
604 4582 686 4633 eum
720 4581 778 4630 nre
805 4581 918 4655 nuper
944 4551 1185 4656 applicuissem
1257 4550 1459 4647 erinacius,

132 4667 285 4744 tandem
315 4659 390 4765 post
409 4661 550 4762 aliquot
574 4654 768 4736 conamina
793 4655 876 4731 voti
903 4680 1052 4753 compos
1077 4651 1190 4736 sasius
1209 4579 1290 4746 iiii,
1316 4681 1459 4756 compe·

232 4772 328 4841 Tam.
355 4765 409 4835 ll.
962 4756 1056 4831 Ccc
1306 4756 1409 4858 rique
