3784 5459
503 288 609 396 116
762 352 765 357 ι
928 236 1318 379 Acin

242 522 407 590 AdAErud.
425 502 521 584 redit
567 499 690 578 axium
716 494 891 596 majorum
919 490 1183 594 esliptieortrm:
1211 481 1327 574 idest,
1353 475 1554 555 distinsiitts
1570 477 1752 579 explicari

221 604 409 705 ⁸An.1689·
428 557 541 685 debet,
557 626 679 678 motus
704 595 855 675 vorticis
870 593 1034 684 Solatis,
1058 588 1119 664 seu
1143 584 1312 702 etheris,
1338 579 1497 676 Systema
1523 586 1755 698 unumquod-

244 682 396 750 M‘F‘b‘·
427 735 497 813 que
522 697 789 779 constituenti&
816 693 886 770 Sed
911 692 984 766 haec
1011 714 1094 764 cum
1121 689 1226 762 altius
1253 681 1448 784 repetenda
1473 678 1564 769 sint,
1593 682 1754 763 brevita-

430 808 462 883 ti
489 802 594 903 hujus
613 794 887 876 Schediasmatis
911 787 1050 865 includi
1076 811 1149 860 non
1178 785 1340 884 possuut3
1366 781 1402 854 dc
1421 780 1508 881 quid
1534 779 1639 856 nobis
1665 811 1755 865 eon.

431 906 643 987 sentaneum
670 897 787 974 uisum
804 895 870 989 fit,
895 890 1028 968 reatus
1053 883 1243 991 separatim
1268 904 1486 983 exponetur.
1744 912 1749 925 «

430 1309 698 1399 DIONYSII
729 1303 924 1389 PAPINI
954 1294 1306 1383 DESCRIPTIO
1336 1291 1756 1416 ToucULnR183

443 1546 451 1553 -
515 1492 623 1609 cujus
636 1482 925 1578 innitemini
937 1453 1068 1569 1688.
1084 1509 1177 1596 pag.
1188 1482 1259 1591 87.
1278 1471 1662 1568 mentiosadiasuit:

456 1664 460 1671 ι
582 1691 753 1784 Excerpta
777 1711 818 1755 ex
844 1658 1006 1770 Eiusdem
1032 1676 1156 1750 litteris
1180 1675 1230 1749 ad
1254 1724 1413 1751 .....
1438 1672 1626 1776 Marsingi

797 1785 903 1883 ὡς.
921 1786 1007 1856 Dec.
1021 1781 1069 1852 A.
1082 1781 1186 1852 1688.
1210 1775 1379 1851 exaratis.

569 2009 635 2084 lius
652 2008 801 2098 dubito,
828 2008 917 2107 quin
945 2030 1019 2079 uno
1045 2003 1117 2100 jam
1134 2000 1192 2074 vel
1208 1999 1324 2075 ascero
1350 1995 1480 2072 abhinc
1497 1999 1616 2076 mense
1643 2010 1759 2079 tranei

558 2111 695 2185 missam
723 2133 819 2182 ame
835 2105 1012 2205 acceperis
1035 2101 1309 2201 descriptionem
1332 2097 1544 2193 Machina,
1570 2100 1673 2197 cujus
1698 2104 1757 2178 be-

435 2205 568 2284 neficio
594 2209 792 2284 fluviorum
820 2205 915 2279 viret
940 2204 979 2277 in
1006 2205 1086 2278 loca
1113 2201 1216 2275 valde
1249 2222 1388 2274 remora
1422 2204 1663 2301 transportari
1690 2202 1763 2304 pos·

282 2283 394 2349 ’Μ’
433 2307 515 2383 sunt
550 2311 668 2382 multo
701 2306 956 2395 commodius,
990 2329 1099 2404 quam
1134 2327 1196 2401 per
1222 2301 1290 2376 asia
1326 2298 1480 2377 artificia
1517 2301 1691 2378 hodiernus
1718 2304 1757 2379 in

436 2406 590 2481 eundem
617 2404 726 2480 finem
755 2406 929 2480 inventa:
958 2402 1047 2477 adeo
1070 2424 1109 2476 ut
1128 2427 1172 2475 ex
1199 2401 1260 2475 issa
1286 2400 1453 2476 machina
1482 2424 1600 2501 pateat
1623 2404 1764 2479 utilitas

306 2524 310 2531 ’
377 2591 382 2598 ,
437 2507 607 2580 tuborum
624 2498 882 2617 aequabilium,
907 2527 1015 2604 quam
1041 2501 1144 2602 supra
1168 2501 1408 2575 asserueram.
1443 2501 1510 2576 lisa
1535 2528 1659 2577 autem
1686 2528 1764 2616 quo

437 2603 546 2708 poffit
564 2607 711 2679 ulterius
737 2602 977 2694 confirmari,
1004 2600 1113 2676 mitto
1138 2601 1210 2698 jam
1230 2601 1504 2702 descriptionem
1532 2603 1769 2693 torcularis,

439 2702 539 2798 cujus
555 2703 700 2779 effecius
724 2703 770 2778 ab
795 2702 917 2778 armos
935 2701 1034 2777 haerae
1052 2702 1230 2804 gravitate
1249 2701 1407 2803 pendet,
1433 2699 1598 2801 quodque
1619 2699 1658 2773 in
1679 2726 1767 2800 pra·

436 2803 478 2878 xi
505 2804 594 2878 adeo
609 2802 842 2881 commodum
869 2729 936 2874 esd
953 2824 1120 2901 expertus
1134 2802 1234 2892 sum,
1260 2826 1298 2875 ut
1319 2825 1443 2900 parurn
1461 2800 1649 2890 dubitem,
1666 2802 1758 2901 quin

438 2900 558 2977 trasiu
574 2904 747 3004 temporis
773 2902 817 2978 ad
833 2902 998 3015 vulgares
1024 2898 1102 2975 usus
1119 2901 1403 3015 quamplurimos
1421 2924 1639 2991 revocetur,
1665 2899 1762 3000 post·

436 3026 551 3176 31:¹53
574 2998 1270 3178 ³ts¹tzffi2⁶22⁶5bsffsbt¹t{33³5
1288 3000 1521 3174 diffie?
1556 3000 1764 3214 sessis]

438 3202 565 3301 quibus
590 3203 752 3304 vulgaria
778 3199 975 3274 torcularia
1001 3200 1163 3275 laborare
1189 3199 1278 3274 mihi
1297 3200 1537 3276 videbantur:
1567 3228 1606 3274 rn
1628 3201 1700 3273 illis
1726 3225 1764 3272 e⁴

439 3300 515 3374 nim
539 3328 616 3403 quae
642 3300 870 3377 cochlearum
896 3325 966 3398 ope
992 3295 1115 3374 succos
1138 3301 1376 3401 exprimunt,
1412 3298 1623 3376 srisiionem
1653 3299 1765 3373 maxi-

438 3420 500 3473 mo
526 3403 595 3477 esse
622 3402 883 3502 impedimento
911 3397 1186 3475 manifestiffime
1214 3424 1311 3502 patet
1339 3453 1350 3494 ,
1385 3400 1682 3502 quandoquidem
1717 3398 1764 3474 ad

437 3499 600 3575 cochleas
627 3503 832 3578 relaxandae
857 3497 981 3576 cadem
1007 3497 1123 3575 ferme
1147 3527 1236 3602 opus
1263 3501 1311 3576 es}
1330 3500 1516 3603 potentia,
1541 3527 1619 3603 quae
1647 3499 1691 3576 ad
1712 3500 1768 3600 ip·

437 3599 490 3672 sat
516 3598 804 3703 constringendas
831 3598 1104 3702 requirebatur:
1137 3602 1222 3677 dum
1240 3627 1360 3677 autern
1388 3603 1558 3677 laxantur
1585 3601 1768 3691 cochlea,

439 3698 575 3772 nullam
603 3724 623 3773 a
641 3701 802 3774 materiis
828 3700 1108 3801 comprimendis
1127 3703 1312 3803 patiuntur
1330 3700 1584 3795 residentiam,
1610 3699 1671 3775 sed
1690 3700 1766 3774 sola

439 3796 597 3898 partium
613 3796 738 3873 fridiio
764 3802 951 3900 negotium
969 3799 1124 3876 saceffit.
1152 3806 1197 3876 In
1224 3802 1399 3876 vincenda
1417 3802 1530 3903 igitur
1548 3804 1610 3875 illa
1623 3800 1773 3876 frictio-

439 3921 486 3970 ne
512 3919 597 3971 totae
613 3897 726 3973 ferme
744 3899 841 3973 vires
867 3900 1144 4000 impenduntur,
1169 3926 1275 4005 atque
1302 3903 1430 4005 exigua
1441 3904 1674 3978 solummodo
1684 3923 1767 4003 pars

440 3996 484 4072 ad
510 4021 675 4097 optatum
703 3997 869 4079 effectum
897 4000 1163 4101 producendum
1192 4003 1441 4104 relinquitur.
1479 4003 1594 4079 Aliud
1622 4005 1769 4076 incom-

437 4098 587 4172 modum
614 4125 660 4173 ex
686 4126 730 4175 eo
757 4101 941 4203 procedit,
967 4103 1064 4203 quod
1075 4104 1232 4178 materiae
1250 4103 1474 4179 cochlearum
1500 4128 1570 4205 ope
1585 4097 1770 4202 compres-

436 4192 480 4271 sae
506 4197 608 4272 brevi
634 4200 678 4274 ab
702 4201 763 4276 illa
781 4198 964 4301 'pressione
991 4228 1061 4303 pro
1085 4227 1186 4302 parte
1211 4204 1436 4278 liberentur:
1475 4202 1561 4278 dum
1590 4205 1690 4278 enirn
1720 4202 1768 4275 ab

435 4295 498 4371 illa
520 4301 687 4413 potentia
713 4301 996 4401 deprimuntur,
1021 4303 1058 4376 dr
1083 4302 1205 4379 succus
1230 4305 1392 4395 exudat,
1418 4303 1623 4379 remittitur
1650 4302 1769 4377 tensio

436 4421 592 4495 portium
620 4399 796 4475 machinae
818 4396 1071 4491 tunicarum,
1109 4428 1150 4475 ae
1178 4403 1328 4499 proinde
1352 4402 1507 4505 ipsarum
1536 4405 1576 4478 in
1604 4403 1769 4503 compri-

437 4502 568 4570 mendo
595 4497 752 4574 efficacia
781 4495 883 4570 brevi
909 4495 1112 4589 decrescit,
1144 4498 1209 4572 uisi
1236 4504 1414 4580 continuo
1441 4531 1576 4579 novam
1604 4506 1650 4580 ad
1678 4525 1770 4577 con⁴

433 4589 653 4704 stringendas
674 4594 844 4711 ‘cochleas
870 4593 948 4706 pim
974 4595 1224 4691 adhibeamus,
1276 4605 1347 4679 uod
1375 4605 1445 4679 fine
1465 4631 1601 4709 magno
1622 4630 1769 4706 ternpo-

433 4716 487 4767 τις
508 4695 544 4768 dr
568 4696 701 4772 laboris
726 4691 912 4798 dispendio
938 4718 1013 4770 nou
1040 4694 1154 4798 potest
1180 4628 1355 4800 praedari.
1381 4706 1555 4783 Tertium
1567 4707 1707 4789 tritium
1727 4705 1768 4782 irt

1635 4807 1715 4883 vul·
