3784 5459
430 262 461 363 S
496 294 528 364 u
560 228 589 365 ᾗ
618 293 645 364 r
674 257 759 363 nia
791 185 850 368 M.
902 260 1122 378 Tomi.
1294 299 1382 424 ‚3ss

142 475 329 587 (quamvis
354 477 475 582 utique
502 476 724 553 contrarium
745 482 984 580 pronunciare
1011 513 1085 561 non
1106 481 1234 586 ausrm',
1262 477 1376 573 donec
1395 483 1462 599 pe-'
1481 487 1576 564 Tomi
1589 501 1615 566 1.

144 587 298 662 riculum
314 581 419 657 fuerit
436 577 594 671 faslum)
611 604 692 654 cum
710 582 873 656 omnium
889 583 1036 662 illorum
1056 612 1204 684 natura,
1223 593 1347 672 saltem
1358 599 1454 700 quod
1477 578 1639 725 supplem.³

56 737 61 776 ἶ
143 684 214 759 hoc
231 683 416 785 negotium
435 681 588 772 attinet,
605 706 681 753 non
698 682 853 757 multum
873 682 1011 761 diversa
1028 691 1095 762 elle
1105 690 1289 770 videatur.
1317 699 1355 770 Si
1374 726 1455 800 pro-
1478 658 1514 723 ⁵⁶
1545 663 1647 727 'VH‘

140 785 225 862 inde
252 781 467 860 necessitatis
491 778 541 854 est
568 779 696 854 habere
732 806 939 883 perpetuum
968 788 1112 890 aliquod
1140 792 1358 887 ellychnium
1387 825 1465 900 pro-

140 885 352 961 instruendis
370 879 548 983 ejusmodi
575 881 786 982 perennibus
803 886 975 960 Lucernis
993 891 1306 990 sepulchralibus,
1330 902 1453 998 quales

140 986 231 1087 apud
258 985 427 1087 antiquos
453 982 490 1057 in
515 979 578 1056 usu
603 980 722 1074 fuere,
751 982 851 1082 prior
876 985 968 1078 illa,
996 1014 1034 1064 ut
1050 991 1204 1092 opinor,
1229 994 1360 1095 species
1387 1024 1456 1074 oo-

51 1083 55 1126 ³
138 1087 190 1163 bis
208 1086 396 1162 retinenda
413 1082 502 1174 erit,
529 1106 651 1183 parata
669 1108 714 1155 ex
732 1085 816 1157 lino
831 1086 1036 1175 Asbestino:
1058 1092 1164 1193 quale
1180 1094 1399 1191 ellychnium
1426 1098 1465 1175 li·

139 1188 217 1263 ullo
235 1185 342 1288 pasin
354 1183 509 1287 suppleri
522 1206 632 1285 queat
649 1184 733 1257 oleo
749 1184 872 1286 aliquo
899 1214 1074 1289 perpetuo
1099 1201 1233 1292 (prout
1251 1197 1345 1296 posse
1363 1222 1461 1274 mox·

49 1359 53 1372 ,
136 1279 338 1364 ostensurus
363 1286 462 1376 sunt)
488 1282 559 1381 jam
588 1283 738 1358 nonita
765 1287 913 1386 procul,
937 1288 1063 1389 spero,
1090 1292 1204 1369 abesse
1232 1323 1288 1371 me
1317 1299 1452 1396 judica·

136 1388 223 1464 bitis
250 1389 295 1463 ab
320 1385 393 1489 ipsa
420 1381 591 1487 propositi
608 1383 746 1485 negotii
762 1384 1003 1486 praestatione.
1028 1394 1143 1466 ‘Nune
1162 1419 1272 1495 porro
1290 1401 1334 1474 ad
1351 1391 1459 1474 evin-s

138 1489 320 1580 cendum,
344 1488 443 1591 quod
460 1483 613 1559 omuino
628 1484 708 1559 dati
735 1487 855 1560 valeat
881 1489 952 1562 tale
971 1490 1142 1566 Bitumen
1169 1496 1228 1569 seu
1248 1498 1381 1572 Oleum
1398 1501 1458 1573 in·'

46 1631 47 1636 =
137 1587 366 1681 exhaustum,
392 1612 466 1662 non
482 1610 572 1687 opus
587 1583 724 1678 habeo,
751 1590 829 1662 Vos
855 1612 915 1661 aut
940 1588 1104 1666 addnslis
1120 1594 1353 1697 antiquorum
1373 1603 1458 1686 Au·¹

137 1691 281 1768 ssorum
306 1685 521 1764 testimoniis
547 1685 704 1779 morari,
731 1711 792 1762 aut
819 1687 857 1761 in
874 1688 1019 1764 Italiam
1046 1691 1202 1795 aliasque
1230 1711 1369 1772 exteras·
1396 1726 1458 1784 re·¹

165 1793 263 1866 iones
289 1790 501 1865 remittere:
536 1786 735 1862 dummodo
760 1788 859 1862 enim
885 1789 1072 1866 intonsum
1100 1792 1201 1868 tibile
1226 1795 1375 1897 aliquod
1401 1800 1456 1873 el··

137 1818 325 1989 sychnium
353 1889 441 1965 mihi
467 1887 693 1987 largiamini,
720 1887 812 1963 haud
828 1889 889 1962 lon
918 1890 972 1964 ius
988 1917 1054 1965 vos
1071 1818 1199 1969 ducere
1217 1898 1325 1996 cupio
1342 1911 1455 1998 quam*

133 1992 387 2083 Pitchsordiam
414 1989 452 2063 in
471 1988 838 2083 Comitatusalopiae,
865 1916 924 2061 usi
951 1989 1082 2089 species
1108 1994 1265 2091 quaedam
1281 1998 1452 2092 Naphthae

137 2091 212 2168 five
227 2089 426 2166 Bituminis
439 2086 465 2161 li
494 2083 569 2159 uidi
594 2085 773 2187 reperitur
796 2086 929 2185 (cujus
955 2114 1038 2162 ecce
1061 2088 1239 2191 specimen
1267 2094 1326 2169 hic
1344 2096 1451 2196 quod

140 2190 328 2268 ostendam
352 2112 620 2277 vobishabeo)
643 2211 720 2287 qua
743 2185 823 2261 istic
849 2212 931 2262 cum
947 2185 1051 2262 sonte
1068 2190 1225 2291 quodam
1249 2194 1456 2270 constanter

135 2289 277 2395 prosilit
294 2291 330 2365 δι
347 2288 447 2393 aquis
462 2285 691 2388 supernatat.
718 2290 826 2362 Hanc
841 2309 930 2390 ergo
946 2287 1143 2390 separatam
1161 2293 1311 2385 vellem,
1338 2295 1456 2395 prius<⁴¹
1504 2385 1507 2390 ῃ

132 2418 246 2495 quam
273 2416 372 2492 aquae
396 2388 433 2463 se
455 2385 721 2487 conjungeret,
747 2385 951 2463 indusium
976 2388 1131 2503 aliquem
1157 2392 1221 2493 ipfi
1242 2394 1427 2495 proprium
1437 2397 1456 2488 ,³

135 2516 244 2594 atque
272 2490 324 2565 ita
348 2487 582 2564 derivandam
607 2485 654 2562 ad
680 2489 830 2578 lotum,
862 2488 927 2589 qui
955 2513 1110 2565 maxime
1137 2515 1240 2605 aptus
1266 2519 1333 2595 pto
1357 2493 1451 2593 ejus·

135 2592 240 2668 modi
256 2589 433 2690 Lampade
458 2586 556 2662 soret
582 2584 705 2675 uisus3
732 2585 772 2660 in
787 2613 895 2689 quem
913 2586 1003 2662 adeo
1030 2615 1104 2664 non
1121 2617 1241 2667 mtnus
1267 2595 1446 2694 perpetim

134 2691 310 2769 destillare
324 2689 494 2780 deberet,
519 2712 628 2858 quam
646 2711 740 2761 nunc
767 2685 804 2760 in
823 2684 927 2761 illum
944 2687 1084 2764 sontem
1101 2689 1192 2765 solet
1213 2725 1223 2767 ε
1250 2695 1349 2807 quod
1366 2693 1449 2795 qui·
1620 2781 1625 2790 ς

133 2794 219 2870 dem
246 2791 374 2891 absque
398 2788 472 2862 ulla
489 2788 525 2859 in
543 2786 617 2886 igni
635 2783 844 2861 difficultate
856 2784 936 2861 fieri
955 2790 1071 2888 posse,
1098 2816 1171 2864 non
1187 2791 1339 2885 dubtto,
1354 2793 1445 2894 quin
1542 2877 1550 2892 Ι
1618 2792 1625 2812 '
1657 2825 1659 2832 ·

130 2890 226 2967 mihi
250 2886 446 2966 concessuri
472 2885 570 2959 sitis:
600 2907 707 2985 atque
733 2884 801 2959 hoc
827 2885 852 2959 fi
878 2886 1106 2980 obtinuero,
1139 2891 1211 2986 jam
1240 2892 1446 2967 habebimus

127 2992 267 3069 Oleum
295 3015 369 3065 non
395 2986 515 3061 minus
531 3009 715 3087 perenne,
738 3008 847 3084 quam
862 2984 1288 3081 nostrumssellythninm.
1316 2996 1446 3093 Neque

130 3091 182 3168 est
208 3116 271 3166 cur
298 3087 406 3163 ullam
435 3107 637 3160 metuamus
659 3082 957 3177 extinslionem,
982 3083 1228 3163 stincludstur
1255 3089 1306 3164 in-
1320 3093 1538 3198 tumbapag,
1557 3117 1627 3197 3⁶9·

129 3215 192 3270 attt
219 3213 344 3291 crypta
370 3188 630 3277 subterranea,
664 3186 749 3259 loco
774 3183 861 3258 licet
888 3209 996 3285 quam
1014 3188 1169 3262 maxime
1196 3191 1374 3289 vaporoso
1402 3219 1461 3269 ac‘

129 3291 309 3367 humido:
337 3288 425 3363 dum
450 3312 493 3361 ea
520 3284 709 3360 bituminis
734 3306 820 3360 nota
848 3281 1131 3362 charableristica
1150 3287 1321 3383 habetur,
1343 3294 1443 3394 quod

128 3390 271 3491 optime
289 3388 441 3475 ardeat,
466 3385 529 3458 ubi
554 3383 749 3458 humiditas
776 3378 897 3459 adest:
925 3386 981 3459 uti
1009 3387 1185 3486 patescit,
1212 3389 1345 3493 [iaqua
1369 3420 1444 3468 car-

129 3489 221 3565 boni
247 3486 355 3562 follrli
381 3482 603 3560 affundetur.
630 3486 681 3556 Et
698 3481 773 3555 hac
785 3484 933 3597 quidem
947 3511 1021 3559 una
1041 3485 1089 3559 est
1108 3490 1317 3583 methodus,
1335 3519 1443 3594 quam
1498 3523 1503 3532 ·

128 3611 361 3665 commentus
387 3584 492 3676 sum,
524 3608 595 3684 qua
621 3580 801 3658 talismodt
828 3586 980 3685 Lampas
1004 3587 1241 3685 sepulchralis
1276 3594 1457 3691 perennisv

126 3689 276 3766 sortasse
301 3684 458 3761 construi
485 3683 623 3785 pollet.
650 3681 760 3774 Quod
788 3681 918 3757 livero
944 3707 1020 3759 tam
1038 3686 1153 3787 rigide
1174 3714 1311 3767 mecum
1338 3719 1454 3795 agere,

130 3790 238 3866 vobis
252 3788 430 3890 placeret,
455 3808 496 3859 ut
515 3779 766 3857 inficiaremini
785 3836 799 3874 ,
827 3806 890 3857 aut
907 3780 977 3858 hoc
996 3786 1065 3859 else
1085 3812 1293 3889 perpetuum
1312 3793 1446 3889 ellych-

132 3892 259 3982 nium,
286 3910 347 3963 aut
374 3885 468 3962 aliud
494 3908 705 3985 quacunque
732 3881 802 3957 alia
819 3884 961 3959 ratione
980 3885 1212 3985 probabiliter
1230 3892 1346 4005 parari
1367 3891 1456 3992 posi

128 3992 194 4079 se3
222 3988 303 4064 sane
330 4013 403 4062 non
421 3983 540 4059 minus
564 3982 722 4058 absimile
747 4009 838 4058 vero
864 3984 980 4059 videri
1001 3987 1134 4088 poterit
1154 3991 1350 4092 plerisque,
1373 4001 1444 4080 (ne

127 4093 244 4168 dicam
262 4088 343 4162 hnic
361 4084 581 4178 Societnti,)
603 4085 676 4158 ullo
694 4110 851 4186 unquam
869 4107 1030 4189 tempore
1047 4089 1133 4194 quid
1152 4091 1328 4179 extitisse,
1344 4091 1458 4189 quod·

129 4214 307 4294 perpetua
334 4186 524 4286 Lampadis
552 4210 684 4258 nomen
711 4184 842 4259 mereti
868 4188 1055 4285 potuerit:
1083 4190 1135 4264 nil
1160 4190 1245 4291 quid
1273 4214 1354 4261 uam
1382 4189 1453 4262 ob-³

129 4292 302 4368 stantibus
320 4284 535 4362 testimoniis
550 4288 654 4357 anu
681 4281 808 4376 uslini,
833 4285 1036 4381 Plutarchi,
1064 4290 1194 4379 Plinii,
1213 4215 1452 4374 Johtudovr

133 4394 264 4486 Vivis,
292 4388 371 4479 Joh.
389 4388 641 4489 BaptPortae,
657 4310 805 4475 hiceti,
831 4386 1046 4479 Pancirolli,
1072 4387 1327 4487 variorumque
1355 4388 1443 4462 alio·

127 4520 241 4586 rum,
268 4488 529 4593 perhibentium
557 4508 713 4585 nempe,
739 4483 873 4587 aliquas
897 4487 941 4562 ad
975 4513 1086 4576 1000,
1112 4483 1247 4586 aliquas
1274 4486 1316 4561 ad
1348 4511 1441 4580 ¹500
1469 4527 1474 4532 ·

46 4599 47 4636 ¹
129 4594 238 4697 usquc
256 4617 368 4667 annos
384 4588 513 4665 arsisse.
543 4583 734 4687 Qticquid·
745 4608 866 4660 tamen
883 4584 959 4685 ejus
976 4584 1039 4674 fit,
1054 4582 1197 4658 credere
1216 4587 1440 4688 nequaquam

46 4699 48 4742 l
126 4697 267 4788 audeo,
292 4715 349 4767 tot
367 4715 511 4791 tamque
528 4687 689 4788 egregios
716 4711 755 4768 ac
772 4685 904 4787 probos
920 4685 1082 4762 aussorcs
1099 4684 1446 4802 nobisimposuislet

1315 4813 1392 4862 imo
