3784 5459
444 250 1096 358 Etunrroreum.
1257 258 1358 393 269

35 478 42 525 ²
126 460 295 543 diametro
318 467 394 541 tabi
417 467 614 540 tantundem
638 493 660 537 a
681 465 858 564 superficie
877 492 974 563 aque
989 488 1181 559 temetum,
1215 492 1380 568 quantum
1405 490 1442 541 a·

34 580 41 625 ›'
120 588 270 666 perrara
288 568 452 660 inferior,
476 565 558 653 five
574 564 705 663 sessio,
737 567 811 639 rubi
835 568 878 641 ab
897 566 1098 669 horizontali
1119 587 1184 665 prr
1200 571 1338 645 initium
1355 571 1442 659 eius·

122 668 207 741 dem
222 668 298 741 tubi
312 665 430 741 deria.

33 786 36 827 ἐ
156 782 159 787 ’
180 764 266 856 Sit,
292 766 448 867 exempli
465 765 610 866 gratia,
636 765 742 838 tubus
757 764 946 841 uniformis
960 767 1052 858 EF,
1076 763 1101 842 fi
1129 789 1189 842 .t.
1216 769 1387 871 utrinque
1409 795 1444 847 a·

33 890 35 929 2
125 889 277 967 pertus,
302 865 415 943 fundo
440 864 530 940 vasis
547 867 694 940 ABCD
721 862 1038 959 adferruminatut,
1062 792 1270 971 nidumque
1295 867 1445 945 fundum

124 989 341 1066 penetrans,
369 989 444 1040 non
460 990 549 1039 vero
576 962 723 1039 inferius
741 963 970 1041 descendens:
997 992 1060 1041 vas
1077 990 1196 1042 autem
1224 969 1276 1044 ita
1292 965 1334 1041 fit
1355 992 1446 1069 aqua

126 1065 335 1165 repletum,
362 1089 403 1139 ut
420 1064 523 1139 tubus
539 1067 607 1139 EF
631 1063 676 1138 ab
690 1089 730 1138 ea
746 1065 919 1141 continue
943 1090 979 1140 te
1007 1089 1086 1141 atur
1113 1067 1364 1170 &repleaturz
1393 1089 1448 1141 at·

123 1189 201 1267 que
224 1164 467 1239 horizontales
493 1189 553 1265 per
577 1161 723 1239 initium
750 1163 953 1241 rubiduslat
1031 1189 1046 1240 t
1073 1164 1111 1240 in
1129 1164 1449 1269 superficieaqum‚

124 1264 260 1339 eadem
286 1290 329 1339 ue
356 1262 508 1343 altitudo
531 1262 669 1364 semper
688 1261 941 1339 conservetur:
971 1264 1014 1339 fit
1041 1287 1209 1367 praterea
1228 1265 1391 1345 foramen
1407 1270 1450 1344 G

124 1362 170 1437 in
189 1291 302 1439 fundo
319 1362 477 1476 ejusdem
493 1360 581 1439 valis
596 1361 874 1441 horizontalitet
884 1362 1020 1465 polito,
1049 1363 1161 1440 simile
1178 1367 1214 1438 δι
1225 1366 1355 1468 aquale
1374 1366 1450 1441 dia·

126 1486 252 1536 metro
270 1462 346 1537 tubt
365 1466 457 1537 EF:
488 1463 600 1537 alsero
617 1461 715 1564 quod
741 1462 914 1539 velocitas
940 1490 1002 1565 per
1023 1461 1159 1553 elisium
1178 1467 1305 1543 tubum
1323 1464 1448 1540 subdu-

128 1563 190 1663 pla
218 1561 286 1637 erit
312 1560 514 1637 velocitatis
540 1588 636 1661 aqua
664 1561 914 1665 perforamen
942 1567 980 1638 G
1009 1565 1253 1666 erumpentis.
1287 1563 1450 1640 Certilsr·

126 1686 231 1736 mum
258 1662 355 1737 enim
372 1659 442 1753 est,
467 1661 563 1763 quod
583 1687 673 1763 aqua
700 1689 762 1764 pet
779 1686 896 1741 totam
917 1663 1184 1765 longitudinem
1215 1665 1293 1742 tubi
1312 1667 1378 1739 EF
1406 1689 1449 1737 at·

128 1761 268 1860 quabili
293 1761 477 1837 celeritate
504 1760 708 1838 descendit:
745 1787 862 1863 partes
889 1763 987 1841 enim
1021 1763 1210 1847 inferiores
1237 1761 1449 1839 descendere

130 1885 340 2033 nerpueunt,
368 1860 431 1935 nili
507 1859 942 1965 rtessuperioresspatium
972 1863 1451 1963 teliilumeodemtempnre

130 1985 316 2063 tepeant.
342 1961 431 2037 Inde
457 1889 615 2064 iriquitut
639 1963 764 2062 quoda
792 1990 835 2037 ua
845 1964 1000 2062 egressa,
1028 1963 1355 2038 sthorizontaliter
1372 1985 1452 2034 mo-

134 2061 217 2135 veri
235 2084 361 2162 pergat
388 2087 470 2135 cnm
488 2061 671 2133 celeritate
698 1990 979 2157 perdescensum
1005 2083 1044 2131 ac
1072 2057 1194 2149 uifita,
1218 2081 1382 2159 tempore
1408 2083 1453 2130 a·

134 2159 239 2271 quali
265 2159 480 2270 tantundem
503 2154 610 2256 spatii
636 2178 819 2258 percurret
845 2178 1020 2257 quantum
1040 2083 1283 2232 descendendo
1309 2179 1453 2256 percur-

67 2338 75 2359 .
133 2279 218 2331 rrt:
247 2277 397 2356 uterque
423 2281 521 2329 emm
537 2280 656 2330 motus
674 2255 777 2330 debet
793 2254 862 2329 else
882 2252 1073 2330 uniformis
1099 2258 1135 2328 ἃ
1152 2255 1309 2357 ejusdem
1332 2250 1455 2329 celeti-

130 2354 247 2430 tatis.
273 2357 435 2432 Galt'laees
460 2379 580 2430 autem
604 2354 889 2447 demonstravit,
950 2354 1021 2430 uod
1043 2354 1169 2458 gravia
1186 2354 1369 2430 celeritate
1388 2375 1453 2453 per

135 2452 340 2530 descensum
376 2454 544 2556 acquifita
578 2454 706 2529 debent
742 2382 1023 2528 horizontaliter
1062 2479 1269 2556 percurrere
1303 2454 1454 2551 duplum

126 2553 274 2654 -spatii,
307 2554 404 2654 quod
431 2578 593 2655 tempore
619 2552 745 2655 aquali
772 2552 1015 2628 descendendo
1044 2573 1322 2655 percurrerunt.
1349 2555 1454 2652 Ergo

137 2652 312 2729 velocitas
339 2680 435 2755 aqua
459 2681 525 2830 per
551 2658 585 2729 E
613 2653 661 2729 est
688 2676 829 2729 tantum
849 2652 999 2730 dimidia
1016 2652 1125 2768 ciunt,-
1139 2678 1248 2768 quam
1267 2677 1376 2753 grave
1390 2675 1455 2749 pet

138 2750 342 2828 descensum
360 2778 403 2828 ex
417 2779 457 2829 et

137 2851 248 2949 dupla
273 2853 477 2921 velocitatis
502 2878 598 2946 aqum
625 2859 752 2948 perG:
781 2853 917 2926 constat
931 2852 1028 2925 enim
1056 2853 1154 2951 quod
1173 2850 1347 2927 velocitas
1357 2872 1455 2950 aquae

167 2974 206 3021 er
231 2944 394 3020 foramen
421 2950 458 3021 G
486 2973 512 3019 ae
540 2945 627 3018 ualis
652 2944 699 3017 est
725 2945 900 3019 celeritati
925 2948 1100 3048 acquisita
1137 2975 1156 3022 a
1181 2949 1287 3050 gravi
1311 2973 1374 3047 per
1399 2945 1458 3018 de-

137 2975 301 3124 scensum
329 3069 373 3119 ex
400 3070 466 3144 pro
513 2971 579 3119 lita
603 3044 812 3119 altitudine:
841 3048 945 3145 Ergo
959 3053 1068 3144 Aque
1088 3066 1150 3143 per
1166 3048 1235 3119 dre.
1262 3070 1296 3145 q.
1308 3072 1338 3117 e.
1348 3045 1382 3119 d.

190 3147 307 3223 Posset
324 3143 397 3219 hac
412 3071 535 3219 radium
563 3143 695 3217 vetitas
721 3143 956 3219 demonstrari
974 3172 1036 3245 per
1053 3170 1243 3222 numerum
1260 3141 1459 3243 impressio·

139 3266 230 3323 num
247 3244 461 3346 agravitate
487 3264 735 3346 acceptarum,
761 3242 903 3326 tatione
921 3244 1043 3318 habita
1061 3244 1104 3317 ad
1123 3243 1367 3358 quantitatem
1385 3267 1459 3316 ma·

140 3346 242 3423 teria
258 3367 392 3429 mntae3
417 3369 566 3433 verum,
591 3343 779 3418 brevitatis
795 3343 930 3445 gratia,
957 3342 1044 3419 talia
1062 3365 1254 3418 omrttam:
1274 3368 1384 3444 quum
1403 3339 1459 3415 su·

145 3444 269 3546 perior
295 3440 550 3517 demonstratio
576 3467 597 3514 a
622 3441 765 3515 nemine
782 3442 906 3539 negari
920 3465 1055 3542 queat:
1085 3442 1199 3541 licque
1218 3440 1353 3515 constet
1379 3437 1459 3514 flui-

148 3545 197 3619 da
231 3560 304 3614 non
330 3536 468 3636 semper
494 3537 630 3612 easdem
655 3538 753 3637 sequi
779 3538 902 3638 leges,
937 3564 1023 3638 quas
1058 3537 1101 3612 de
1128 3538 1295 3638 gravibus
1321 3536 1462 3614 descen·

147 3639 315 3721 dentibus
341 3639 501 3712 Galilaeus
526 3634 783 3712 demonstravit
809 3666 823 3707 .-
857 3662 898 3710 ac
925 3636 1075 3737 proinde
1110 3663 1183 3711 nou
1208 3637 1290 3712 satis
1315 3638 1461 3713 firmum

147 3742 218 3825 else
253 3737 567 3831 fundamentum,
602 3762 675 3838 quo
709 3733 841 3811 nititur
876 3734 1059 3813 clarissimi
1085 3738 1286 3825 Gtelt’elmt‘ni¹
1315 3739 1462 3816 demon·

144 3838 298 3919 slratio.

199 3944 334 4015 Fateor
359 3965 481 4018 tamen
507 3939 605 4043 quod
632 3936 730 4015 casua
763 3938 807 4014 ab
831 3936 1129 4016 excellentisfimo
1153 3939 1236 4019 viro
1288 3938 1465 4043 repositus

144 4036 309 4127 anostra
326 4039 405 4121 casu
432 4041 600 4117 nonnihil
624 4038 775 4114 differte
804 4043 887 4141 Ego
909 4040 1007 4114 enim
1035 4041 1195 4142 suppono
1223 3969 1349 4116 tulum
1376 4036 1466 4113 sem·

173 4170 215 4220 er
233 4139 409 4245 plenum,
433 4142 468 4214 δι
485 4138 626 4215 nonnisi
652 4138 691 4214 in
707 4139 845 4213 dnobus
861 4140 1030 4214 extremit
1057 4165 1219 4243 apertum
1237 4163 1249 4226 3
1278 4135 1356 4237 lpse
1372 4159 1464 4212 vem

146 4174 321 4346 iupponit
347 4238 538 4331 canalem,
560 4239 625 4338 qui
649 4262 722 4312 non
747 4238 862 4315 solum
888 4265 951 4338 per
969 4239 1042 4316 duo
1068 4265 1227 4318 extrema
1253 4259 1351 4336 aquae
1377 4231 1466 4306 reci-

147 4344 289 4451 piendae
307 4347 343 4419 δι
360 4337 569 4418 emittenda
595 4358 723 4436 patet3
749 4338 1010 4417 verumetiam
1037 4366 1100 4441 per
1125 4360 1242 4413 totam
1271 4330 1467 4433 longitudi-

143 4473 235 4537 nem
251 4444 412 4523 deteslus
438 4439 486 4516 est
502 4461 620 4517 aerem
649 4462 691 4511 ue
708 4434 889 4512 admittit.
917 4441 1134 4540 Quanquam
1162 4457 1282 4509 autem
1299 4456 1372 4505 nnn
1390 4428 1467 4533 pos-

146 4547 195 4622 ὑπ
213 4545 337 4647 negari
363 4545 434 4621 hac
453 4541 596 4619 casuum
622 4463 835 4638 disparitas,
860 4534 967 4614 resltt
992 4560 1113 4612 tamen
1132 4532 1214 4604 satis
1231 4556 1360 4631 magna
1383 4555 1469 4605 ton·

146 4645 338 4727 „venientia
364 4671 410 4727 ex
430 4666 558 4725 natura
575 4636 770 4719 fluidorum
797 4636 935 4741 petita,
962 4659 1003 4711 ut
1019 4628 1200 4707 clarissimi
1224 4630 1297 4709 riri
1323 4628 1469 4805 nstlsettin

1361 4756 1420 4807 are

1466 459 1626 527 Attssmd.

1470 547 1527 607 lln.
1544 544 1633 616 1691.

1467 622 1514 686 M.
1523 621 1610 694 Maii.

1468 778 1632 857 Tamlll

1470 882 1537 962 fig.
1560 899 1585 942 r.

1470 964 1541 1044 l’ag.
1564 974 1629 1033 209.

482 2780 540 2829 em
559 2753 749 2834 altitudine
766 2754 965 2854 acquireret
987 2786 996 2825 ε
1025 2775 1096 2827 ertt
1115 2777 1228 2853 rgttut
1247 2751 1356 2825 etiam
1375 2748 1454 2823 sub·
1483 2768 1492 2781 ”
