3784 5459
525 252 630 381 '146
908 247 1182 354 Aci
1265 284 1298 352 ii

278 471 442 539 inmut-
463 469 592 562 Y,&t.
620 454 782 565 (ἔξω
809 466 877 541 &o
903 461 1057 566 spatium
1083 468 1139 560 (Ζ
1156 465 1222 541 dD
1250 463 1466 577 eti'teanon,
1492 461 1783 578 undedesumen-

232 577 236 583 ’
277 559 338 617 ¹³¹¹·
356 553 442 645 ¹⁶⁸!-
462 571 513 646 dae
538 591 644 643 erunt
668 567 837 643 diametri
861 590 1106 666 competentes
1132 566 1242 655 variis
1268 564 1348 640 tubi
1373 564 1657 660 altitudinibus,
1692 568 1783 649 dum

278 629 668 746 M·1¹¹¹¹¹¹·toinabitur
693 668 840 768 argilla,
868 665 927 741 sui
941 667 968 738 li
996 665 1174 742 uesadlum
1197 666 1387 740 'metallum
1413 664 1456 740 ad
1474 662 1709 743 conflandum
1725 694 1782 747 tu·

458 773 545 847 buin
571 766 890 842 circumfunditur.
915 692 994 838 vel
1014 765 1153 879 potius,
1179 764 1351 867 quoniam
1378 764 1457 840 tubi
1467 765 1511 840 fic
1528 792 1591 868 pet
1601 765 1780 847 fusionem

460 866 609 946 conflati
636 866 744 943 nimii
766 865 847 941 sunt
875 865 1062 965 ponderis,
1091 863 1263 965 praestabit
1291 866 1394 942 tubos
1420 862 1598 940 conficere
1625 869 1782 968 quadra·

459 993 517 1044 tos
544 994 589 1043 eit
610 989 767 1068 quatuor
794 963 937 1041 laminis
964 962 1026 1039 sibi
1054 964 1211 1043 invicem
1240 964 1554 1058 adserruminatis,
1581 967 1781 1141 quaefigna·

459 1092 506 1143 tae
533 1078 638 1168 atque
665 1064 804 1141 reseslae
830 1061 966 1139 suerint
1000 1090 1069 1164 ope
1095 1064 1243 1141 canonis
1267 1065 1416 1165 alicujus
1442 1065 1564 1179 modo·
1604 1075 1779 1184 uprade-

456 1167 591 1268 scripto
617 1164 817 1243 efformati.
844 1160 1118 1243 Observandum
1144 1188 1264 1243 tamen
1291 1166 1381 1257 erit,
1409 1165 1505 1266 quod
1531 1170 1710 1264 ejusmodi
1729 1171 1776 1246 la·

458 1265 568 1341 minat
599 1292 672 1340 nou
700 1262 1041 1366 perpendiculariter
1067 1262 1201 1341 sursum
1229 1267 1412 1356 tendunt,
1447 1266 1506 1341 sed
1532 1269 1577 1343 ad
1604 1270 1776 1369 amplian-

458 1366 543 1441 dam
569 1364 647 1442 tubi
673 1364 906 1466 capacitatem
933 1364 1127 1439 necessario
1154 1363 1425 1440 devaricanture
1454 1364 1605 1469 ideoque
1625 1369 1775 1445 nonsus

458 1461 561 1554 ficit,
587 1486 629 1538 ut
643 1461 798 1564 ipsarum
824 1462 1016 1563 longitudo
1043 1463 1373 1565 perpendicularem
1401 1463 1631 1543 ascensuraea
1658 1496 1709 1543 uae
1730 1472 1776 1546 al·

457 1563 653 1638 titudinem
678 1585 820 1664 aequet3
855 1587 983 1637 verum
1018 1561 1128 1664 ipsam
1163 1564 1374 1640 tantundem
1408 1563 1571 1666 superate
1604 1567 1648 1643 de
1672 1592 1775 1665 eut,

457 1686 636 1762 quantum
662 1687 772 1737 curva
788 1663 976 1737 Dxuuc.
1001 1660 1143 1761 superat
1170 1663 1304 1740 reblam
1332 1692 1394 1765 per
1440 1665 1661 1742 ndicularem
1679 1697 1776 1773 aeque

459 1762 598 1836 altam:
627 1783 745 1863 atque¹
760 1760 884 1837 eadem
911 1761 973 1836 illa
997 1761 1202 1839 observatio
1228 1762 1267 1837 in
1293 1762 1392 1865 singu
1408 1765 1437 1839 is
1461 1764 1637 1841 linearum
1667 1771 1775 1870 parti·

458 1857 523 1933 bus
548 1859 669 1935 locum
696 1859 828 1935 habet.
855 1864 992 1936 Fateor
1019 1860 1217 1961 equidem,
1245 1888 1318 1939 non
1348 1864 1507 1965 possein
1534 1866 1719 1969 principio
1743 1898 1776 1946 e·

457 1957 613 2058 jusmodi
639 1960 744 2034 tubos
766 1959 841 2034 fine
869 1986 1001 2061 magno
1029 1960 1264 2060 temporis&
1292 1962 1424 2038 laboris
1452 1963 1639 2062 dispendio
1663 1968 1773 2045 coufi-

458 2056 522 2145 εἰς
550 2083 706 2149 verum,
732 2056 917 2160 postquam
944 2057 1051 2132 semel
1078 2063 1246 2134 Canones
1271 2060 1315 2137 ad
1342 2063 1458 2141 uarias
1484 2064 1693 2141 altitudines
1718 2097 1774 2169 pa·

434 2156 528 2231 rati
553 2154 708 2246 suerint,
736 2156 825 2232 diui
852 2156 930 2232 tubi
957 2181 1052 2258 aeque
1079 2157 1182 2233 facile
1208 2158 1320 2235 ferme
1338 2189 1378 2237 ac
1388 2163 1553 2265 vulgares
1570 2166 1771 2244 construen-

456 2276 536 2327 tur.
565 2252 699 2354 Infigni
727 2281 847 2331 autem
873 2256 940 2330 hac
967 2256 1187 2359 proprietate
1214 2261 1437 2361 gaudebunt,
1464 2266 1563 2364 quod
1590 2292 1707 2368 neque
1718 2295 1774 2345 va·

275 2351 656 2473 rag.322.¹³d³1²1²¹¹¹2
680 2376 794 2451 neque
821 2378 988 2453 magnam
1013 2355 1052 2429 in
1078 2355 1446 2437 conferiuninatione
1476 2359 1635 2448 depluent
1661 2369 1776 2470 requi.

457 2469 560 2539 rent,
584 2471 859 2549 quantacunque
885 2451 926 2524 sit
954 2450 1111 2552 ipsorum
1140 2454 1320 2534 altitudo.
1348 2460 1587 2545 Ascendentis
1614 2494 1715 2542 enim
1743 2497 1776 2544 a·

453 2573 531 2647 qun
558 2545 714 2648 pondere
741 2574 964 2650 nequaquam
989 2553 1253 2652 gravabuntur,
1280 2561 1452 2673 quoniam
1470 2565 1775 2679 impetussursum

451 2646 530 2718 vim
556 2644 745 2744 gravitatis
770 2646 906 2749 semper
932 2647 1130 2750 superabit,
1158 2678 1263 2756 atque
1288 2660 1479 2759 impediet,
1504 2689 1703 2765 quominus
1732 2667 1775 2743 in

452 2743 531 2816 rubi
558 2746 668 2817 latera
696 2771 799 2846 agere
826 2746 958 2848 possit.
986 2751 1030 2824 In
1057 2750 1135 2824 aliis
1161 2777 1281 2828 autern
1300 2759 1467 2834 machinis
1492 2788 1624 2864 aquam
1653 2763 1702 2839 ad
1721 2764 1775 2839 iii·

452 2839 585 2940 figneni
613 2842 840 2920 altitudinem
867 2845 1120 2940 evehentibus,
1148 2877 1276 2967 magna
1303 2857 1496 2934 admodum
1510 2861 1772 2973 reperiturdis-

449 2937 594 3017 ficultas
615 2941 653 3014 in
681 2941 912 3020 conficiendis
930 2946 1045 3039 tubis,
1072 2947 1122 3022 ita
1149 2952 1277 3026 validis
1302 2976 1446 3057 tamque
1474 2956 1632 3033 firmiter
1657 2960 1772 3036 adfer·

449 3036 661 3131 ruminatis,
688 3066 728 3116 ut
752 3044 926 3143 gravitati
952 3069 1048 3144 aquae
1074 3047 1170 3122 intus
1222 3054 1374 3128 rementi
1400 3055 1413 3128 i
1439 3054 1565 3159 sosque
1593 3060 1771 3136 continuo

447 3134 663 3211 distendenti
688 3166 751 3239 per
778 3142 925 3242 longum
954 3158 1093 3245 tempus
1120 3077 1301 3226 resillant.
1337 3083 1473 3230 Forliin
1513 3158 1627 3233 etiam
1667 3158 1770 3260 supra

449 3231 538 3306 diui
555 3236 722 3310 Canones
748 3237 845 3313 facili
871 3239 954 3317 satis
980 3243 1129 3345 negotio
1156 3247 1286 3323 confici
1313 3277 1514 3353 poterunt,
1540 3285 1609 3358 ope
1621 3258 1769 3356 alicujus

449 3355 547 3430 aquae
571 3331 706 3425 saltus,
732 3337 818 3427 cui,
844 3363 887 3413 ex
913 3364 1014 3442 parte
1040 3343 1111 3416 luci
1138 3343 1272 3422 diredle
1297 3351 1492 3453 opposita,
1528 3360 1767 3433 admoveatur

446 3429 594 3540 planum
620 3432 937 3535 perpendiculare:
966 3440 1081 3515 dusiis
1097 3443 1194 3517 enini
1221 3447 1324 3522 lineis
1351 3478 1501 3552 permar
1527 3457 1604 3530 ines
1632 3459 1766 3533 umbra

447 3552 487 3599 in
514 3527 659 3626 planum
675 3534 872 3703 ¹projedlae,
897 3538 1089 3615 verisimile
1115 3540 1163 3616 est
1190 3544 1403 3646 descriptum
1432 3553 1479 3628 iri
1500 3484 1665 3657 {puram
1686 3583 1768 3633 aca-

447 3648 544 3696 none
571 3630 671 3729 requi
687 3657 740 3706 ito
767 3661 954 3735 peratum
981 3638 1258 3740 discrepantem.
1287 3651 1427 3724 Poterit
1453 3656 1566 3730 etiam
1591 3655 1766 3731 fabricari

446 3720 722 3830 instrumentum
748 3734 790 3809 ad
817 3662 1078 3813 describendam
1105 3765 1252 3818 curvant
1275 3748 1448 3826 DXYZt
1478 3754 1630 3858 exiguus
1648 3780 1771 3830 autem

446 3824 621 3917 ejusmodi
638 3830 767 3906 Canon
794 3834 923 3934 majori
952 3836 1189 3913 construendo
1214 3841 1318 3919 facile
1345 3847 1540 3947 inserviet,
1568 3855 1768 3929 modoexi·

445 3943 535 4019 guus
560 3919 661 4019 juxta
688 3955 728 4003 ac
755 3957 903 4035 magnus
929 3935 969 4010 in
995 3959 1113 4035 partes
1138 3943 1288 4041 aequales
1311 3945 1546 4045 dividantur,
1571 3955 1610 4028 δι
1639 3980 1768 4034 earum

447 4043 615 4132 numerus
641 4026 831 4132 utrobique
857 4032 898 4107 fit
925 4035 1092 4137 aequalis:
1122 4042 1274 4155 exempli
1300 4047 1437 4145 gretia,
1463 4050 1488 4125 li
1516 4052 1642 4128 minor
1657 4053 1698 4129 in
1727 4065 1770 4129 16

445 4117 579 4230 digitos
595 4146 607 4208 3
635 4126 750 4225 major
774 4157 866 4205 vero
892 4132 930 4207 iii
963 4145 1006 4206 16
1033 4136 1138 4235 pedes
1160 4140 1403 4223 divideretur.
1431 4152 1565 4246 Varia,
1594 4180 1684 4229 nieae
1695 4182 1771 4233 ina·

403 4293 418 4322 d,
441 4218 553 4295 chinae
580 4245 671 4321 ope,
697 4226 792 4305 circa
818 4228 994 4326 ejusmodi
1018 4233 1125 4309 tubos
1150 4241 1427 4341 experimenta,
1454 4254 1541 4326 Deo
1568 4252 1727 4349 juvante
1758 4308 1772 4346 ,

441 4316 651 4399 instituam:
679 4352 720 4401 ac
746 4327 770 4401 fi
797 4329 882 4427 quid
910 4331 947 4403 in
967 4333 1090 4432 praxi,
1117 4359 1156 4408 ut
1167 4335 1245 4411 fieri
1271 4339 1382 4435 solet,
1409 4347 1683 4442 inexoeslatum
1705 4354 1774 4437 mi·

438 4415 477 4488 bi
502 4424 734 4513 occurrerit,
770 4425 902 4525 publici
931 4428 966 4505 id
991 4429 1079 4523 juris
1104 4432 1220 4507 facete
1246 4437 1432 4542 satagam.
1466 4435 1583 4549 Spero
1611 4453 1773 4535 interius

434 4512 543 4600 sore,
569 4542 609 4591 ut
637 4520 782 4598 Clariss.
809 4521 983 4596 Reiselius
1008 4526 1177 4624 dignetur
1201 4531 1403 4635 declarare,
1429 4570 1555 4625 utruni
1584 4550 1647 4631 hie
1665 4581 1773 4656 aeque

431 4612 589 4691 feliciter
616 4644 657 4692 ac
684 4621 722 4696 in
748 4620 892 4716 siphon
916 4624 1199 4724 Wurrembergico
1226 4659 1303 4710 reni
1329 4664 1394 4723 acu
1412 4646 1627 4748 tetigerim:
1658 4643 1775 4737 aut'si

1619 4756 1716 4854 quid
