<?xml version="1.0" encoding="UTF-8"?>
<!DOCTYPE html PUBLIC "-//W3C//DTD XHTML 1.0 Transitional//EN"
    "http://www.w3.org/TR/xhtml1/DTD/xhtml1-transitional.dtd">
<html xmlns="http://www.w3.org/1999/xhtml" xml:lang="en" lang="en">
 <head>
  <title>
</title>
<meta http-equiv="Content-Type" content="text/html;charset=utf-8" />
  <meta name='ocr-system' content='tesseract 3.04.00' />
  <meta name='ocr-capabilities' content='ocr_page ocr_carea ocr_par ocr_line ocrx_word'/>
</head>
<body>
  <div class='ocr_page' id='page_1' title='image "./opusculaomniaac00unkngoog/opusculaomniaac00unkngoog_0237.png"; bbox 0 0 3784 5459; ppageno 0'>
   <div class='ocr_carea' id='block_1_1' title="bbox 486 234 1398 392">
    <p class='ocr_par' dir='ltr' id='par_1_1' title="bbox 486 234 1398 392">
     <span class='ocr_line' id='line_1_1' title="bbox 486 234 1398 392; baseline 0.004 -43"><span class='ocrx_word' id='word_1_1' title='bbox 486 234 1398 392; x_wconf 65' lang='lat' dir='ltr'>Euunrronum.&#39;tm</span> 
     </span>
    </p>
   </div>
   <div class='ocr_carea' id='block_1_2' title="bbox 30 455 1667 4824">
    <p class='ocr_par' dir='ltr' id='par_1_2' title="bbox 30 455 1667 4134">
     <span class='ocr_line' id='line_1_2' title="bbox 36 455 1667 565; baseline -0.002 -25"><span class='ocrx_word' id='word_1_2' title='bbox 36 526 40 540; x_wconf 84' lang='lat'>.</span> <span class='ocrx_word' id='word_1_3' title='bbox 160 487 275 565; x_wconf 72' lang='lat' dir='ltr'>grave</span> <span class='ocrx_word' id='word_1_4' title='bbox 301 459 370 537; x_wconf 85' lang='lat' dir='ltr'>sive</span> <span class='ocrx_word' id='word_1_5' title='bbox 390 457 519 550; x_wconf 89' lang='lat' dir='ltr'>initio,</span> <span class='ocrx_word' id='word_1_6' title='bbox 541 484 626 535; x_wconf 87' lang='lat' dir='ltr'>cum</span> <span class='ocrx_word' id='word_1_7' title='bbox 645 456 759 535; x_wconf 91' lang='lat' dir='ltr'>adhuc</span> <span class='ocrx_word' id='word_1_8' title='bbox 784 458 957 561; x_wconf 73' lang='lat' dir='ltr'>quiescit,</span> <span class='ocrx_word' id='word_1_9' title='bbox 983 455 1054 532; x_wconf 76' lang='lat' dir='ltr'>five</span> <span class='ocrx_word' id='word_1_10' title='bbox 1073 457 1287 560; x_wconf 84' lang='lat' dir='ltr'>postea&#39;cum</span> <span class='ocrx_word' id='word_1_11' title='bbox 1313 462 1386 562; x_wconf 72' lang='lat' dir='ltr'>iam</span> <span class='ocrx_word' id='word_1_12' title='bbox 1403 489 1477 539; x_wconf 82' lang='lat' dir='ltr'>mo·</span> <span class='ocrx_word' id='word_1_13' title='bbox 1499 455 1667 537; x_wconf 36' lang='lat' dir='ltr'>stains*</span> 
     </span>
     <span class='ocr_line' id='line_1_3' title="bbox 43 542 1659 680; baseline -0.005 -42"><span class='ocrx_word' id='word_1_14' title='bbox 43 608 48 646; x_wconf 70' lang='lat' dir='ltr'>r</span> <span class='ocrx_word' id='word_1_15' title='bbox 158 588 303 653; x_wconf 73' lang='lat' dir='ltr'>uetur,</span> <span class='ocrx_word' id='word_1_16' title='bbox 334 559 461 641; x_wconf 86' lang='lat' dir='ltr'>eudem</span> <span class='ocrx_word' id='word_1_17' title='bbox 488 557 625 652; x_wconf 87' lang='lat' dir='ltr'>modo,</span> <span class='ocrx_word' id='word_1_18' title='bbox 659 557 778 660; x_wconf 87' lang='lat' dir='ltr'>quoad</span> <span class='ocrx_word' id='word_1_19' title='bbox 804 559 1047 659; x_wconf 80' lang='lat' dir='ltr'>quantitatem</span> <span class='ocrx_word' id='word_1_20' title='bbox 1082 557 1241 659; x_wconf 82' lang='lat' dir='ltr'>impressi</span> <span class='ocrx_word' id='word_1_21' title='bbox 1275 585 1394 638; x_wconf 87' lang='lat' dir='ltr'>motus</span> <span class='ocrx_word' id='word_1_22' title='bbox 1419 563 1477 638; x_wconf 86' lang='lat' dir='ltr'>seu</span> <span class='ocrx_word' id='word_1_23' title='bbox 1497 542 1659 680; x_wconf 46' lang='lat' dir='ltr'>gfff</span> 
     </span>
     <span class='ocr_line' id='line_1_4' title="bbox 30 638 1658 763; baseline -0.001 -23"><span class='ocrx_word' id='word_1_24' title='bbox 30 675 43 747; x_wconf 69' lang='lat' dir='ltr'>i</span> <span class='ocrx_word' id='word_1_25' title='bbox 162 683 398 763; x_wconf 78' lang='lat' dir='ltr'>augmentum</span> <span class='ocrx_word' id='word_1_26' title='bbox 420 656 619 735; x_wconf 77' lang='lat' dir='ltr'>celeritatis</span> <span class='ocrx_word' id='word_1_27' title='bbox 643 685 666 735; x_wconf 91' lang='lat' dir='ltr'>a</span> <span class='ocrx_word' id='word_1_28' title='bbox 692 682 838 733; x_wconf 88' lang='lat' dir='ltr'>motote</span> <span class='ocrx_word' id='word_1_29' title='bbox 862 658 981 749; x_wconf 85' lang='lat' dir='ltr'>affici,</span> <span class='ocrx_word' id='word_1_30' title='bbox 1008 683 1088 734; x_wconf 89' lang='lat' dir='ltr'>cum</span> <span class='ocrx_word' id='word_1_31' title='bbox 1115 663 1386 760; x_wconf 85' lang='lat' dir='ltr'>comparatione</span> <span class='ocrx_word' id='word_1_32' title='bbox 1403 689 1481 738; x_wconf 87' lang='lat' dir='ltr'>mo·</span> <span class='ocrx_word' id='word_1_33' title='bbox 1607 638 1658 689; x_wconf 47' lang='grc' dir='ltr'>ω’</span> 
     </span>
     <span class='ocr_line' id='line_1_5' title="bbox 164 757 1483 860; baseline 0 -23"><span class='ocrx_word' id='word_1_34' title='bbox 164 760 256 838; x_wconf 86' lang='lat' dir='ltr'>toris</span> <span class='ocrx_word' id='word_1_35' title='bbox 280 758 418 860; x_wconf 83' lang='lat' dir='ltr'>semper</span> <span class='ocrx_word' id='word_1_36' title='bbox 434 785 502 859; x_wconf 90' lang='lat' dir='ltr'>pro</span> <span class='ocrx_word' id='word_1_37' title='bbox 518 757 723 860; x_wconf 82' lang='lat' dir='ltr'>quiescente</span> <span class='ocrx_word' id='word_1_38' title='bbox 749 757 872 833; x_wconf 88' lang='lat' dir='ltr'>haberi</span> <span class='ocrx_word' id='word_1_39' title='bbox 899 761 1028 858; x_wconf 77' lang='lat' dir='ltr'>possit.</span> <span class='ocrx_word' id='word_1_40' title='bbox 1049 763 1200 854; x_wconf 77' lang='lat' dir='ltr'>Quanta</span> <span class='ocrx_word' id='word_1_41' title='bbox 1217 782 1337 836; x_wconf 88' lang='lat' dir='ltr'>autem</span> <span class='ocrx_word' id='word_1_42' title='bbox 1356 761 1397 837; x_wconf 85' lang='lat' dir='ltr'>sit</span> <span class='ocrx_word' id='word_1_43' title='bbox 1407 788 1483 839; x_wconf 86' lang='lat' dir='ltr'>mn·</span> 
     </span>
     <span class='ocr_line' id='line_1_6' title="bbox 162 856 1481 962; baseline -0.002 -26"><span class='ocrx_word' id='word_1_44' title='bbox 162 860 254 936; x_wconf 85' lang='lat' dir='ltr'>toris</span> <span class='ocrx_word' id='word_1_45' title='bbox 276 859 476 948; x_wconf 84' lang='lat' dir='ltr'>uelocitas,</span> <span class='ocrx_word' id='word_1_46' title='bbox 499 883 548 931; x_wconf 85' lang='lat' dir='ltr'>ex</span> <span class='ocrx_word' id='word_1_47' title='bbox 564 856 750 955; x_wconf 75' lang='lat' dir='ltr'>Hypothest</span> <span class='ocrx_word' id='word_1_48' title='bbox 761 857 962 944; x_wconf 72' lang='lat' dir='ltr'>Carrefiana</span> <span class='ocrx_word' id='word_1_49' title='bbox 984 858 1165 937; x_wconf 66' lang='lat' dir='ltr'>estimasse</span> <span class='ocrx_word' id='word_1_50' title='bbox 1179 862 1394 957; x_wconf 78' lang='lat' dir='ltr'>Hugenium,</span> <span class='ocrx_word' id='word_1_51' title='bbox 1418 889 1481 962; x_wconf 86' lang='lat' dir='ltr'>po-</span> 
     </span>
     <span class='ocr_line' id='line_1_7' title="bbox 163 956 1481 1061; baseline -0.002 -24"><span class='ocrx_word' id='word_1_52' title='bbox 163 961 284 1039; x_wconf 88' lang='lat' dir='ltr'>nendo</span> <span class='ocrx_word' id='word_1_53' title='bbox 310 957 530 1059; x_wconf 78' lang='lat' dir='ltr'>grauitatem</span> <span class='ocrx_word' id='word_1_54' title='bbox 556 956 670 1048; x_wconf 87' lang='lat' dir='ltr'>oriri,</span> <span class='ocrx_word' id='word_1_55' title='bbox 693 957 780 1032; x_wconf 89' lang='lat' dir='ltr'>dum</span> <span class='ocrx_word' id='word_1_56' title='bbox 790 958 941 1034; x_wconf 86' lang='lat' dir='ltr'>materia</span> <span class='ocrx_word' id='word_1_57' title='bbox 964 960 1125 1061; x_wconf 69' lang='lat' dir='ltr'>quedam</span> <span class='ocrx_word' id='word_1_58' title='bbox 1143 957 1277 1035; x_wconf 86' lang='lat' dir='ltr'>subtilis</span> <span class='ocrx_word' id='word_1_59' title='bbox 1302 961 1481 1038; x_wconf 84' lang='lat' dir='ltr'>circater-</span> 
     </span>
     <span class='ocr_line' id='line_1_8' title="bbox 160 1057 1481 1162; baseline 0 -26"><span class='ocrx_word' id='word_1_60' title='bbox 160 1086 242 1138; x_wconf 88' lang='lat' dir='ltr'>ram</span> <span class='ocrx_word' id='word_1_61' title='bbox 269 1081 399 1160; x_wconf 84' lang='lat' dir='ltr'>gyrata</span> <span class='ocrx_word' id='word_1_62' title='bbox 425 1058 461 1130; x_wconf 76' lang='lat' dir='ltr'>dc</span> <span class='ocrx_word' id='word_1_63' title='bbox 481 1083 502 1132; x_wconf 90' lang='lat' dir='ltr'>a</span> <span class='ocrx_word' id='word_1_64' title='bbox 520 1079 648 1131; x_wconf 89' lang='lat' dir='ltr'>centro</span> <span class='ocrx_word' id='word_1_65' title='bbox 670 1057 838 1133; x_wconf 84' lang='lat' dir='ltr'>recedens</span> <span class='ocrx_word' id='word_1_66' title='bbox 859 1057 932 1133; x_wconf 78' lang='lat' dir='ltr'>asia</span> <span class='ocrx_word' id='word_1_67' title='bbox 946 1086 1101 1162; x_wconf 86' lang='lat' dir='ltr'>corpora</span> <span class='ocrx_word' id='word_1_68' title='bbox 1128 1059 1246 1134; x_wconf 84' lang='lat' dir='ltr'>versus</span> <span class='ocrx_word' id='word_1_69' title='bbox 1270 1085 1405 1136; x_wconf 90' lang='lat' dir='ltr'>terram</span> <span class='ocrx_word' id='word_1_70' title='bbox 1422 1060 1481 1136; x_wconf 92' lang='lat' dir='ltr'>de·</span> 
     </span>
     <span class='ocr_line' id='line_1_9' title="bbox 162 1156 1479 1262; baseline 0 -26"><span class='ocrx_word' id='word_1_71' title='bbox 162 1158 318 1242; x_wconf 85' lang='lat' dir='ltr'>trudat.</span> <span class='ocrx_word' id='word_1_72' title='bbox 350 1160 481 1258; x_wconf 87' lang='lat' dir='ltr'>Itaque</span> <span class='ocrx_word' id='word_1_73' title='bbox 502 1156 751 1257; x_wconf 84' lang='lat' dir='ltr'>experimento</span> <span class='ocrx_word' id='word_1_74' title='bbox 776 1156 1019 1260; x_wconf 78' lang='lat' dir='ltr'>inquisivisse,</span> <span class='ocrx_word' id='word_1_75' title='bbox 1040 1182 1175 1260; x_wconf 84' lang='lat' dir='ltr'>quanta</span> <span class='ocrx_word' id='word_1_76' title='bbox 1197 1159 1255 1234; x_wconf 85' lang='lat' dir='ltr'>uis</span> <span class='ocrx_word' id='word_1_77' title='bbox 1276 1159 1479 1262; x_wconf 77' lang='lat' dir='ltr'>centrisuga</span> 
     </span>
     <span class='ocr_line' id='line_1_10' title="bbox 164 1255 1480 1372; baseline 0.001 -38"><span class='ocrx_word' id='word_1_78' title='bbox 164 1260 206 1334; x_wconf 86' lang='lat' dir='ltr'>in</span> <span class='ocrx_word' id='word_1_79' title='bbox 259 1256 338 1334; x_wconf 88' lang='lat' dir='ltr'>arvi</span> <span class='ocrx_word' id='word_1_80' title='bbox 363 1255 490 1331; x_wconf 88' lang='lat' dir='ltr'>circuli</span> <span class='ocrx_word' id='word_1_81' title='bbox 512 1281 609 1357; x_wconf 76' lang='lat' dir='ltr'>gyro</span> <span class='ocrx_word' id='word_1_82' title='bbox 631 1257 807 1358; x_wconf 81' lang='lat' dir='ltr'>gravitati</span> <span class='ocrx_word' id='word_1_83' title='bbox 827 1257 1105 1372; x_wconf 80' lang='lat' dir='ltr'>aequipolleret,</span> <span class='ocrx_word' id='word_1_84' title='bbox 1127 1285 1237 1361; x_wconf 86' lang='lat' dir='ltr'>atque</span> <span class='ocrx_word' id='word_1_85' title='bbox 1261 1258 1344 1337; x_wconf 88' lang='lat' dir='ltr'>inde</span> <span class='ocrx_word' id='word_1_86' title='bbox 1369 1263 1480 1335; x_wconf 85' lang='lat' dir='ltr'>cosse-</span> 
     </span>
     <span class='ocr_line' id='line_1_11' title="bbox 158 1355 1479 1460; baseline 0.003 -29"><span class='ocrx_word' id='word_1_87' title='bbox 158 1359 200 1460; x_wconf 81' lang='lat' dir='ltr'>gi</span> <span class='ocrx_word' id='word_1_88' title='bbox 263 1409 279 1450; x_wconf 87' lang='lat'>,</span> <span class='ocrx_word' id='word_1_89' title='bbox 305 1356 342 1430; x_wconf 89' lang='lat' dir='ltr'>io</span> <span class='ocrx_word' id='word_1_90' title='bbox 369 1355 677 1458; x_wconf 80' lang='lat' dir='ltr'>magnocircu&#39;lo,</span> <span class='ocrx_word' id='word_1_91' title='bbox 703 1357 817 1458; x_wconf 85' lang='lat' dir='ltr'>quasis</span> <span class='ocrx_word' id='word_1_92' title='bbox 840 1380 993 1433; x_wconf 83' lang='lat' dir='ltr'>metitur</span> <span class='ocrx_word' id='word_1_93' title='bbox 1014 1360 1195 1434; x_wconf 81' lang='lat' dir='ltr'>ambitum</span> <span class='ocrx_word' id='word_1_94' title='bbox 1220 1358 1378 1453; x_wconf 82' lang='lat' dir='ltr'>cessuris,</span> <span class='ocrx_word' id='word_1_95' title='bbox 1402 1385 1479 1435; x_wconf 86' lang='lat' dir='ltr'>ma·</span> 
     </span>
     <span class='ocr_line' id='line_1_12' title="bbox 160 1455 1479 1550; baseline 0.002 -18"><span class='ocrx_word' id='word_1_96' title='bbox 160 1455 294 1532; x_wconf 89' lang='lat' dir='ltr'>teriam</span> <span class='ocrx_word' id='word_1_97' title='bbox 319 1455 421 1532; x_wconf 88' lang='lat' dir='ltr'>illam</span> <span class='ocrx_word' id='word_1_98' title='bbox 444 1478 548 1532; x_wconf 87' lang='lat' dir='ltr'>tanta</span> <span class='ocrx_word' id='word_1_99' title='bbox 581 1458 777 1533; x_wconf 83' lang='lat' dir='ltr'>uelocitate</span> <span class='ocrx_word' id='word_1_100' title='bbox 803 1458 979 1550; x_wconf 87' lang='lat' dir='ltr'>moveri,</span> <span class='ocrx_word' id='word_1_101' title='bbox 1009 1482 1054 1533; x_wconf 86' lang='lat' dir='ltr'>ut</span> <span class='ocrx_word' id='word_1_102' title='bbox 1076 1458 1209 1533; x_wconf 88' lang='lat' dir='ltr'>millies</span> <span class='ocrx_word' id='word_1_103' title='bbox 1240 1459 1316 1537; x_wconf 86' lang='lat' dir='ltr'>fere</span> <span class='ocrx_word' id='word_1_104' title='bbox 1341 1461 1381 1533; x_wconf 90' lang='lat' dir='ltr'>in</span> <span class='ocrx_word' id='word_1_105' title='bbox 1406 1485 1479 1535; x_wconf 87' lang='lat' dir='ltr'>una</span> 
     </span>
     <span class='ocr_line' id='line_1_13' title="bbox 160 1555 1480 1662; baseline 0.001 -30"><span class='ocrx_word' id='word_1_106' title='bbox 160 1556 252 1632; x_wconf 87' lang='lat' dir='ltr'>hora</span> <span class='ocrx_word' id='word_1_107' title='bbox 276 1579 398 1631; x_wconf 88' lang='lat' dir='ltr'>totum</span> <span class='ocrx_word' id='word_1_108' title='bbox 422 1555 564 1631; x_wconf 86' lang='lat' dir='ltr'>telluris</span> <span class='ocrx_word' id='word_1_109' title='bbox 582 1557 761 1633; x_wconf 84' lang='lat' dir='ltr'>ambitum</span> <span class='ocrx_word' id='word_1_110' title='bbox 786 1584 998 1659; x_wconf 85' lang='lat' dir='ltr'>percurrere</span> <span class='ocrx_word' id='word_1_111' title='bbox 1016 1557 1141 1659; x_wconf 85' lang='lat' dir='ltr'>poffit.</span> <span class='ocrx_word' id='word_1_112' title='bbox 1167 1564 1293 1662; x_wconf 86' lang='lat' dir='ltr'>Atque</span> <span class='ocrx_word' id='word_1_113' title='bbox 1309 1559 1480 1661; x_wconf 68' lang='lat' dir='ltr'>haecqui»</span> 
     </span>
     <span class='ocr_line' id='line_1_14' title="bbox 158 1654 1479 1772; baseline -0.001 -38"><span class='ocrx_word' id='word_1_114' title='bbox 158 1659 245 1734; x_wconf 86' lang='lat' dir='ltr'>dem</span> <span class='ocrx_word' id='word_1_115' title='bbox 272 1658 394 1759; x_wconf 87' lang='lat' dir='ltr'>pulcra</span> <span class='ocrx_word' id='word_1_116' title='bbox 415 1654 500 1731; x_wconf 89' lang='lat' dir='ltr'>sunt</span> <span class='ocrx_word' id='word_1_117' title='bbox 518 1656 554 1730; x_wconf 77' lang='lat' dir='ltr'>dc</span> <span class='ocrx_word' id='word_1_118' title='bbox 570 1656 681 1771; x_wconf 79' lang='lat' dir='ltr'>digna</span> <span class='ocrx_word' id='word_1_119' title='bbox 697 1661 881 1756; x_wconf 72' lang='lat' dir='ltr'>Hagenio,</span> <span class='ocrx_word' id='word_1_120' title='bbox 913 1657 973 1734; x_wconf 90' lang='lat' dir='ltr'>sed</span> <span class='ocrx_word' id='word_1_121' title='bbox 994 1684 1077 1772; x_wconf 76' lang='lat' dir='ltr'>qua</span> <span class='ocrx_word' id='word_1_122' title='bbox 1101 1657 1236 1734; x_wconf 81' lang='lat' dir='ltr'>Noster</span> <span class='ocrx_word' id='word_1_123' title='bbox 1258 1659 1305 1734; x_wconf 86' lang='lat' dir='ltr'>de</span> <span class='ocrx_word' id='word_1_124' title='bbox 1328 1659 1394 1733; x_wconf 88' lang='lat' dir='ltr'>suo</span> <span class='ocrx_word' id='word_1_125' title='bbox 1417 1657 1479 1733; x_wconf 85' lang='lat' dir='ltr'>ad·</span> 
     </span>
     <span class='ocr_line' id='line_1_15' title="bbox 156 1754 1478 1860; baseline -0.001 -27"><span class='ocrx_word' id='word_1_126' title='bbox 156 1756 238 1848; x_wconf 85' lang='lat' dir='ltr'>dit,</span> <span class='ocrx_word' id='word_1_127' title='bbox 263 1782 338 1831; x_wconf 91' lang='lat' dir='ltr'>non</span> <span class='ocrx_word' id='word_1_128' title='bbox 362 1783 392 1831; x_wconf 68' lang='grc' dir='ltr'><em>κ</em></span> <span class='ocrx_word' id='word_1_129' title='bbox 419 1781 462 1831; x_wconf 90' lang='lat' dir='ltr'>ue</span> <span class='ocrx_word' id='word_1_130' title='bbox 481 1754 632 1831; x_wconf 75' lang='lat' dir='ltr'>admitti</span> <span class='ocrx_word' id='word_1_131' title='bbox 655 1760 819 1860; x_wconf 74' lang='lat' dir='ltr'>possunt.</span> <span class='ocrx_word' id='word_1_132' title='bbox 846 1762 955 1837; x_wconf 86' lang='lat' dir='ltr'>Putat</span> <span class='ocrx_word' id='word_1_133' title='bbox 980 1757 1115 1833; x_wconf 81' lang='lat' dir='ltr'>scilicet</span> <span class='ocrx_word' id='word_1_134' title='bbox 1140 1756 1227 1834; x_wconf 83' lang='lat' dir='ltr'>hinc</span> <span class='ocrx_word' id='word_1_135' title='bbox 1250 1757 1324 1834; x_wconf 88' lang='lat' dir='ltr'>sese</span> <span class='ocrx_word' id='word_1_136' title='bbox 1345 1758 1478 1833; x_wconf 74' lang='lat' dir='ltr'>‚tollere</span> 
     </span>
     <span class='ocr_line' id='line_1_16' title="bbox 190 1781 1478 1962; baseline 0.002 -31"><span class='ocrx_word' id='word_1_137' title='bbox 190 1855 261 1931; x_wconf 84' lang='lat' dir='ltr'>osse</span> <span class='ocrx_word' id='word_1_138' title='bbox 274 1781 466 1934; x_wconf 67' lang='lat' dir='ltr'>nonnudlas</span> <span class='ocrx_word' id='word_1_139' title='bbox 487 1854 721 1934; x_wconf 87' lang='lat' dir='ltr'>difficultates</span> <span class='ocrx_word' id='word_1_140' title='bbox 733 1862 862 1961; x_wconf 78' lang='lat' dir='ltr'>graves</span> <span class='ocrx_word' id='word_1_141' title='bbox 879 1913 891 1953; x_wconf 88' lang='lat'>,</span> <span class='ocrx_word' id='word_1_142' title='bbox 909 1884 991 1962; x_wconf 80' lang='lat' dir='ltr'>quae</span> <span class='ocrx_word' id='word_1_143' title='bbox 1013 1857 1133 1935; x_wconf 73' lang='lat' dir='ltr'>dusiis</span> <span class='ocrx_word' id='word_1_144' title='bbox 1157 1858 1345 1960; x_wconf 79' lang='lat' dir='ltr'>negotium</span> <span class='ocrx_word' id='word_1_145' title='bbox 1370 1855 1478 1933; x_wconf 85' lang='lat' dir='ltr'>faces·</span> 
     </span>
     <span class='ocr_line' id='line_1_17' title="bbox 159 1883 1479 2035; baseline -0.004 0"><span class='ocrx_word' id='word_1_146' title='bbox 159 1883 335 2035; x_wconf 56' lang='lat' dir='ltr'>siverunt.</span> <span class='ocrx_word' id='word_1_147' title='bbox 359 1955 551 2031; x_wconf 86' lang='lat' dir='ltr'>Nimirum</span> <span class='ocrx_word' id='word_1_148' title='bbox 575 1957 665 2031; x_wconf 84' lang='lat' dir='ltr'>Viri</span> <span class='ocrx_word' id='word_1_149' title='bbox 686 1958 876 2033; x_wconf 73' lang='lat' dir='ltr'>clarissimi</span> <span class='ocrx_word' id='word_1_150' title='bbox 896 1961 1068 2032; x_wconf 65' lang='lat' dir='ltr'>sturmius</span> <span class='ocrx_word' id='word_1_151' title='bbox 1082 1959 1342 2030; x_wconf 75' lang='lat' dir='ltr'>&amp;Bemouslius</span> <span class='ocrx_word' id='word_1_152' title='bbox 1365 1957 1406 2030; x_wconf 83' lang='lat' dir='ltr'>in</span> <span class='ocrx_word' id='word_1_153' title='bbox 1423 1957 1479 2031; x_wconf 85' lang='lat' dir='ltr'>his</span> 
     </span>
     <span class='ocr_line' id='line_1_18' title="bbox 152 2052 1481 2153; baseline -0.003 -24"><span class='ocrx_word' id='word_1_154' title='bbox 152 2055 256 2129; x_wconf 65' lang='lat' dir='ltr'>Aesis</span> <span class='ocrx_word' id='word_1_155' title='bbox 278 2079 408 2130; x_wconf 86' lang='lat' dir='ltr'>mutua</span> <span class='ocrx_word' id='word_1_156' title='bbox 428 2053 614 2142; x_wconf 59' lang='lat' dir='ltr'>euticion,</span> <span class='ocrx_word' id='word_1_157' title='bbox 635 2055 922 2128; x_wconf 84' lang='lat' dir='ltr'>consideratione</span> <span class='ocrx_word' id='word_1_158' title='bbox 945 2052 1099 2151; x_wconf 79' lang='lat' dir='ltr'>dignum</span> <span class='ocrx_word' id='word_1_159' title='bbox 1124 2052 1392 2149; x_wconf 70' lang='lat' dir='ltr'>judicaverant,</span> <span class='ocrx_word' id='word_1_160' title='bbox 1412 2052 1481 2153; x_wconf 87' lang='lat' dir='ltr'>qui</span> 
     </span>
     <span class='ocr_line' id='line_1_19' title="bbox 154 2148 1480 2251; baseline -0.005 -23"><span class='ocrx_word' id='word_1_161' title='bbox 154 2153 341 2229; x_wconf 71' lang='lat' dir='ltr'>&#39;fieret-ex</span> <span class='ocrx_word' id='word_1_162' title='bbox 358 2151 548 2251; x_wconf 80' lang='lat' dir='ltr'>hypothesi</span> <span class='ocrx_word' id='word_1_163' title='bbox 564 2149 790 2242; x_wconf 75' lang='lat' dir='ltr'>Cartesiana„</span> <span class='ocrx_word' id='word_1_164' title='bbox 813 2148 920 2251; x_wconf 66' lang='lat' dir='ltr'>quod,</span> <span class='ocrx_word' id='word_1_165' title='bbox 937 2151 1068 2251; x_wconf 82' lang='lat' dir='ltr'>gravia</span> <span class='ocrx_word' id='word_1_166' title='bbox 1094 2156 1169 2224; x_wconf 79' lang='lat' dir='ltr'>nou</span> <span class='ocrx_word' id='word_1_167' title='bbox 1196 2149 1316 2250; x_wconf 86' lang='lat' dir='ltr'>potius</span> <span class='ocrx_word' id='word_1_168' title='bbox 1329 2153 1480 2248; x_wconf 68' lang='lat' dir='ltr'>adnuerit</span> 
     </span>
     <span class='ocr_line' id='line_1_20' title="bbox 152 2247 1481 2355; baseline -0.002 -29"><span class='ocrx_word' id='word_1_169' title='bbox 152 2276 270 2355; x_wconf 82' lang='lat' dir='ltr'>quam</span> <span class='ocrx_word' id='word_1_170' title='bbox 292 2271 463 2325; x_wconf 83' lang='lat' dir='ltr'>centrum</span> <span class='ocrx_word' id='word_1_171' title='bbox 485 2249 780 2327; x_wconf 84' lang='lat' dir='ltr'>detruderentur.</span> <span class='ocrx_word' id='word_1_172' title='bbox 804 2247 1183 2329; x_wconf 83' lang='lat' dir='ltr'>Hancdiffieustatem</span> <span class='ocrx_word' id='word_1_173' title='bbox 1200 2247 1335 2324; x_wconf 82' lang='lat' dir='ltr'>Noster</span> <span class='ocrx_word' id='word_1_174' title='bbox 1347 2251 1481 2326; x_wconf 83' lang='lat' dir='ltr'>cessare</span> 
     </span>
     <span class='ocr_line' id='line_1_21' title="bbox 190 2346 1481 2447; baseline -0.002 -21"><span class='ocrx_word' id='word_1_175' title='bbox 190 2374 289 2441; x_wconf 87' lang='lat' dir='ltr'>urat,</span> <span class='ocrx_word' id='word_1_176' title='bbox 314 2347 340 2423; x_wconf 84' lang='lat' dir='ltr'>fr</span> <span class='ocrx_word' id='word_1_177' title='bbox 356 2349 469 2423; x_wconf 89' lang='lat' dir='ltr'>modo</span> <span class='ocrx_word' id='word_1_178' title='bbox 482 2348 748 2440; x_wconf 82' lang='lat' dir='ltr'>consideretur,</span> <span class='ocrx_word' id='word_1_179' title='bbox 769 2348 1006 2424; x_wconf 77' lang='lat' dir='ltr'>velocitatem</span> <span class='ocrx_word' id='word_1_180' title='bbox 1020 2347 1180 2424; x_wconf 82' lang='lat' dir='ltr'>materiae</span> <span class='ocrx_word' id='word_1_181' title='bbox 1189 2347 1414 2447; x_wconf 71' lang='lat' dir='ltr'>gravitatem</span> <span class='ocrx_word' id='word_1_182' title='bbox 1429 2346 1481 2424; x_wconf 73' lang='lat' dir='ltr'>es</span> 
     </span>
     <span class='ocr_line' id='line_1_22' title="bbox 155 2379 1481 2549; baseline -0.001 -24"><span class='ocrx_word' id='word_1_183' title='bbox 155 2379 319 2525; x_wconf 57' lang='lat' dir='ltr'>deieratis</span> <span class='ocrx_word' id='word_1_184' title='bbox 340 2446 675 2548; x_wconf 81' lang='lat' dir='ltr'>incomparabiliter</span> <span class='ocrx_word' id='word_1_185' title='bbox 694 2447 951 2546; x_wconf 80' lang='lat' dir='ltr'>effemajorem</span> <span class='ocrx_word' id='word_1_186' title='bbox 966 2445 1162 2521; x_wconf 72' lang='lat' dir='ltr'>uelocitate</span> <span class='ocrx_word' id='word_1_187' title='bbox 1187 2445 1293 2544; x_wconf 83' lang='lat' dir='ltr'>ipsius</span> <span class='ocrx_word' id='word_1_188' title='bbox 1311 2448 1481 2549; x_wconf 65' lang='lat' dir='ltr'>pyrites*-</span> 
     </span>
     <span class='ocr_line' id='line_1_23' title="bbox 156 2542 1479 2648; baseline -0.002 -23"><span class='ocrx_word' id='word_1_189' title='bbox 156 2549 273 2625; x_wconf 82' lang='lat' dir='ltr'>lutise</span> <span class='ocrx_word' id='word_1_190' title='bbox 298 2546 356 2621; x_wconf 84' lang='lat' dir='ltr'>ita</span> <span class='ocrx_word' id='word_1_191' title='bbox 369 2547 471 2621; x_wconf 89' lang='lat' dir='ltr'>enim</span> <span class='ocrx_word' id='word_1_192' title='bbox 492 2543 738 2623; x_wconf 84' lang='lat' dir='ltr'>differentiam</span> <span class='ocrx_word' id='word_1_193' title='bbox 754 2545 993 2635; x_wconf 81' lang='lat' dir='ltr'>velocitatis,</span> <span class='ocrx_word' id='word_1_194' title='bbox 1013 2571 1096 2647; x_wconf 79' lang='lat' dir='ltr'>qua</span> <span class='ocrx_word' id='word_1_195' title='bbox 1115 2542 1169 2621; x_wconf 78' lang='lat' dir='ltr'>est</span> <span class='ocrx_word' id='word_1_196' title='bbox 1189 2546 1232 2622; x_wconf 88' lang='lat' dir='ltr'>in</span> <span class='ocrx_word' id='word_1_197' title='bbox 1253 2569 1439 2648; x_wconf 80' lang='lat' dir='ltr'>aequatore</span> <span class='ocrx_word' id='word_1_198' title='bbox 1461 2584 1479 2643; x_wconf 52' lang='grc' dir='ltr'><strong>ς</strong></span> 
     </span>
     <span class='ocr_line' id='line_1_24' title="bbox 157 2644 1479 2761; baseline -0.002 -37"><span class='ocrx_word' id='word_1_199' title='bbox 157 2648 222 2724; x_wconf 72' lang='lat' dir='ltr'>sel</span> <span class='ocrx_word' id='word_1_200' title='bbox 243 2646 286 2723; x_wconf 88' lang='lat' dir='ltr'>in</span> <span class='ocrx_word' id='word_1_201' title='bbox 308 2644 386 2721; x_wconf 78' lang='lat' dir='ltr'>alio</span> <span class='ocrx_word' id='word_1_202' title='bbox 403 2670 622 2761; x_wconf 88' lang='lat' dir='ltr'>quocunque</span> <span class='ocrx_word' id='word_1_203' title='bbox 644 2645 861 2745; x_wconf 76' lang='lat' dir='ltr'>parallelo,</span> <span class='ocrx_word' id='word_1_204' title='bbox 877 2645 1013 2721; x_wconf 78' lang='lat' dir='ltr'>otullius</span> <span class='ocrx_word' id='word_1_205' title='bbox 1035 2644 1218 2721; x_wconf 89' lang='lat' dir='ltr'>momenti</span> <span class='ocrx_word' id='word_1_206' title='bbox 1237 2646 1312 2720; x_wconf 83' lang='lat' dir='ltr'>esse</span> <span class='ocrx_word' id='word_1_207' title='bbox 1330 2671 1479 2749; x_wconf 71' lang='lat' dir='ltr'>compa»</span> 
     </span>
     <span class='ocr_line' id='line_1_25' title="bbox 156 2743 1480 2846; baseline -0.002 -21"><span class='ocrx_word' id='word_1_208' title='bbox 156 2745 306 2825; x_wconf 80' lang='lat' dir='ltr'>ratione</span> <span class='ocrx_word' id='word_1_209' title='bbox 330 2743 535 2823; x_wconf 81' lang='lat' dir='ltr'>velocitatis</span> <span class='ocrx_word' id='word_1_210' title='bbox 560 2747 658 2821; x_wconf 81' lang='lat' dir='ltr'>illius</span> <span class='ocrx_word' id='word_1_211' title='bbox 679 2744 867 2823; x_wconf 72' lang='lat' dir='ltr'>maxime.</span> <span class='ocrx_word' id='word_1_212' title='bbox 891 2746 1031 2822; x_wconf 80' lang='lat' dir='ltr'>Eadem</span> <span class='ocrx_word' id='word_1_213' title='bbox 1054 2744 1110 2833; x_wconf 65' lang='lat' dir='ltr'>&lt;fi</span> <span class='ocrx_word' id='word_1_214' title='bbox 1124 2743 1189 2846; x_wconf 87' lang='lat' dir='ltr'>ipsi</span> <span class='ocrx_word' id='word_1_215' title='bbox 1200 2743 1403 2837; x_wconf 81' lang='lat' dir='ltr'>credimus)</span> <span class='ocrx_word' id='word_1_216' title='bbox 1424 2746 1480 2823; x_wconf 70' lang='lat' dir='ltr'>sa»</span> 
     </span>
     <span class='ocr_line' id='line_1_26' title="bbox 156 2841 1481 2943; baseline 0 -21"><span class='ocrx_word' id='word_1_217' title='bbox 156 2846 303 2922; x_wconf 85' lang='lat' dir='ltr'>cilitate</span> <span class='ocrx_word' id='word_1_218' title='bbox 325 2870 398 2916; x_wconf 77' lang='lat' dir='ltr'>meo</span> <span class='ocrx_word' id='word_1_219' title='bbox 414 2868 606 2940; x_wconf 78' lang='lat' dir='ltr'>argumento</span> <span class='ocrx_word' id='word_1_220' title='bbox 621 2841 787 2919; x_wconf 87' lang='lat' dir='ltr'>satisfieri</span> <span class='ocrx_word' id='word_1_221' title='bbox 809 2842 1345 2943; x_wconf 83' lang='lat' dir='ltr'>contraCartefiauosprosato.</span> <span class='ocrx_word' id='word_1_222' title='bbox 1366 2846 1481 2922; x_wconf 59' lang='lat' dir='ltr'>Nem*</span> 
     </span>
     <span class='ocr_line' id='line_1_27' title="bbox 154 2939 1481 3047; baseline 0.001 -29"><span class='ocrx_word' id='word_1_223' title='bbox 154 2971 206 3047; x_wconf 81' lang='lat' dir='ltr'>pe</span> <span class='ocrx_word' id='word_1_224' title='bbox 231 2943 317 3045; x_wconf 87' lang='lat' dir='ltr'>quia</span> <span class='ocrx_word' id='word_1_225' title='bbox 332 2939 479 3019; x_wconf 82' lang='lat' dir='ltr'>infinita</span> <span class='ocrx_word' id='word_1_226' title='bbox 491 2941 538 3021; x_wconf 73' lang='lat' dir='ltr'>sit</span> <span class='ocrx_word' id='word_1_227' title='bbox 554 2941 711 3023; x_wconf 86' lang='lat' dir='ltr'>motoris</span> <span class='ocrx_word' id='word_1_228' title='bbox 729 2942 900 3041; x_wconf 73' lang='lat' dir='ltr'>gravium</span> <span class='ocrx_word' id='word_1_229' title='bbox 922 2941 1110 3015; x_wconf 81' lang='lat' dir='ltr'>vesocitas.</span> <span class='ocrx_word' id='word_1_230' title='bbox 1133 2941 1237 3015; x_wconf 79' lang='lat' dir='ltr'>Hinc</span> <span class='ocrx_word' id='word_1_231' title='bbox 1261 2942 1411 3042; x_wconf 76' lang='lat' dir='ltr'>perinde</span> <span class='ocrx_word' id='word_1_232' title='bbox 1433 2968 1481 3019; x_wconf 85' lang='lat' dir='ltr'>at</span> 
     </span>
     <span class='ocr_line' id='line_1_28' title="bbox 159 3037 1482 3145; baseline -0.002 -26"><span class='ocrx_word' id='word_1_233' title='bbox 159 3043 185 3119; x_wconf 82' lang='lat' dir='ltr'><strong>fi</strong></span> <span class='ocrx_word' id='word_1_234' title='bbox 211 3068 322 3145; x_wconf 86' lang='lat' dir='ltr'>grave</span> <span class='ocrx_word' id='word_1_235' title='bbox 341 3042 567 3143; x_wconf 81' lang='lat' dir='ltr'>quiesceret,</span> <span class='ocrx_word' id='word_1_236' title='bbox 587 3065 633 3122; x_wconf 80' lang='lat' dir='ltr'>nt</span> <span class='ocrx_word' id='word_1_237' title='bbox 659 3039 704 3117; x_wconf 88' lang='lat' dir='ltr'>ab</span> <span class='ocrx_word' id='word_1_238' title='bbox 723 3039 860 3131; x_wconf 83' lang='lat' dir='ltr'>initio,</span> <span class='ocrx_word' id='word_1_239' title='bbox 880 3037 1022 3140; x_wconf 86' lang='lat' dir='ltr'>semper</span> <span class='ocrx_word' id='word_1_240' title='bbox 1040 3038 1235 3141; x_wconf 70' lang='lat' dir='ltr'>aequalibus</span> <span class='ocrx_word' id='word_1_241' title='bbox 1256 3041 1482 3141; x_wconf 78' lang='lat' dir='ltr'>remporibut</span> 
     </span>
     <span class='ocr_line' id='line_1_29' title="bbox 152 3138 1480 3243; baseline -0.002 -25"><span class='ocrx_word' id='word_1_242' title='bbox 152 3140 372 3218; x_wconf 85' lang='lat' dir='ltr'>tantundem</span> <span class='ocrx_word' id='word_1_243' title='bbox 395 3142 492 3219; x_wconf 71' lang='lat' dir='ltr'>isius</span> <span class='ocrx_word' id='word_1_244' title='bbox 508 3140 695 3243; x_wconf 87' lang='lat' dir='ltr'>imprimi,</span> <span class='ocrx_word' id='word_1_245' title='bbox 721 3138 1000 3241; x_wconf 74' lang='lat' dir='ltr'>adeoquevires</span> <span class='ocrx_word' id='word_1_246' title='bbox 1023 3140 1094 3211; x_wconf 81' lang='lat' dir='ltr'>esse</span> <span class='ocrx_word' id='word_1_247' title='bbox 1116 3160 1162 3212; x_wconf 85' lang='lat' dir='ltr'>ut</span> <span class='ocrx_word' id='word_1_248' title='bbox 1184 3161 1380 3240; x_wconf 83' lang='lat' dir='ltr'>tempora,</span> <span class='ocrx_word' id='word_1_249' title='bbox 1402 3165 1480 3216; x_wconf 83' lang='lat' dir='ltr'>non</span> 
     </span>
     <span class='ocr_line' id='line_1_30' title="bbox 155 3234 1479 3343; baseline -0.002 -26"><span class='ocrx_word' id='word_1_250' title='bbox 155 3265 202 3317; x_wconf 87' lang='lat' dir='ltr'>ut</span> <span class='ocrx_word' id='word_1_251' title='bbox 219 3240 333 3343; x_wconf 87' lang='lat' dir='ltr'>spatia</span> <span class='ocrx_word' id='word_1_252' title='bbox 353 3238 561 3319; x_wconf 78' lang='lat' dir='ltr'>ascensuum</span> <span class='ocrx_word' id='word_1_253' title='bbox 587 3242 646 3316; x_wconf 83' lang='lat' dir='ltr'>vel</span> <span class='ocrx_word' id='word_1_254' title='bbox 658 3237 911 3330; x_wconf 86' lang='lat' dir='ltr'>descensuum,</span> <span class='ocrx_word' id='word_1_255' title='bbox 932 3234 1239 3338; x_wconf 84' lang='lat' dir='ltr'>quemadmodum</span> <span class='ocrx_word' id='word_1_256' title='bbox 1258 3238 1479 3339; x_wconf 85' lang='lat' dir='ltr'>egoquidem</span> 
     </span>
     <span class='ocr_line' id='line_1_31' title="bbox 151 3337 1482 3436; baseline -0.002 -20"><span class='ocrx_word' id='word_1_257' title='bbox 151 3339 462 3417; x_wconf 77' lang='lat' dir='ltr'>existimaveram.</span> <span class='ocrx_word' id='word_1_258' title='bbox 486 3338 674 3417; x_wconf 70' lang='lat' dir='ltr'>&#39;Postremo</span> <span class='ocrx_word' id='word_1_259' title='bbox 693 3365 774 3412; x_wconf 76' lang='lat' dir='ltr'>cum</span> <span class='ocrx_word' id='word_1_260' title='bbox 788 3337 918 3413; x_wconf 72' lang='lat' dir='ltr'>Ausim</span> <span class='ocrx_word' id='word_1_261' title='bbox 928 3338 1158 3416; x_wconf 81' lang='lat' dir='ltr'>Nouessarum</span> <span class='ocrx_word' id='word_1_262' title='bbox 1170 3338 1380 3436; x_wconf 69' lang='lat' dir='ltr'>Reqrublim</span> <span class='ocrx_word' id='word_1_263' title='bbox 1396 3341 1482 3413; x_wconf 80' lang='lat' dir='ltr'>dire·</span> 
     </span>
     <span class='ocr_line' id='line_1_32' title="bbox 156 3435 1476 3540; baseline 0.001 -28"><span class='ocrx_word' id='word_1_264' title='bbox 156 3439 260 3512; x_wconf 77' lang='lat' dir='ltr'>rariae</span> <span class='ocrx_word' id='word_1_265' title='bbox 281 3438 372 3510; x_wconf 85' lang='lat' dir='ltr'>esset</span> <span class='ocrx_word' id='word_1_266' title='bbox 393 3436 554 3527; x_wconf 73' lang='lat' dir='ltr'>uetitus,</span> <span class='ocrx_word' id='word_1_267' title='bbox 576 3438 647 3512; x_wconf 81' lang='lat' dir='ltr'>nei</span> <span class='ocrx_word' id='word_1_268' title='bbox 673 3435 708 3511; x_wconf 89' lang='lat' dir='ltr'>sa</span> <span class='ocrx_word' id='word_1_269' title='bbox 728 3435 884 3511; x_wconf 83' lang='lat' dir='ltr'>materia</span> <span class='ocrx_word' id='word_1_270' title='bbox 907 3437 1011 3531; x_wconf 83' lang='lat' dir='ltr'>primi</span> <span class='ocrx_word' id='word_1_271' title='bbox 1028 3437 1193 3508; x_wconf 77' lang='lat' dir='ltr'>Elemenri</span> <span class='ocrx_word' id='word_1_272' title='bbox 1218 3436 1259 3510; x_wconf 83' lang='lat' dir='ltr'>vi</span> <span class='ocrx_word' id='word_1_273' title='bbox 1276 3436 1476 3540; x_wconf 83' lang='lat' dir='ltr'>centrifuga</span> 
     </span>
     <span class='ocr_line' id='line_1_33' title="bbox 151 3464 1475 3637; baseline -0.007 -22"><span class='ocrx_word' id='word_1_274' title='bbox 151 3535 275 3615; x_wconf 82' lang='lat' dir='ltr'>aSole</span> <span class='ocrx_word' id='word_1_275' title='bbox 297 3535 502 3625; x_wconf 87' lang='lat' dir='ltr'>recederet,</span> <span class='ocrx_word' id='word_1_276' title='bbox 523 3559 597 3635; x_wconf 82' lang='lat' dir='ltr'>prat</span> <span class='ocrx_word' id='word_1_277' title='bbox 623 3464 774 3636; x_wconf 74' lang='lat' dir='ltr'>gsobulis</span> <span class='ocrx_word' id='word_1_278' title='bbox 791 3536 934 3629; x_wconf 79' lang='lat' dir='ltr'>secundi</span> <span class='ocrx_word' id='word_1_279' title='bbox 946 3534 1133 3625; x_wconf 81' lang='lat' dir='ltr'>Elementi,</span> <span class='ocrx_word' id='word_1_280' title='bbox 1154 3536 1329 3635; x_wconf 81' lang='lat' dir='ltr'>atqueita</span> <span class='ocrx_word' id='word_1_281' title='bbox 1345 3535 1475 3637; x_wconf 69' lang='lat' dir='ltr'>dispers</span> 
     </span>
     <span class='ocr_line' id='line_1_34' title="bbox 151 3630 1473 3737; baseline 0.002 -29"><span class='ocrx_word' id='word_1_282' title='bbox 151 3657 307 3737; x_wconf 83' lang='lat' dir='ltr'>geretur</span> <span class='ocrx_word' id='word_1_283' title='bbox 323 3634 410 3726; x_wconf 81' lang='lat' dir='ltr'>Sol,</span> <span class='ocrx_word' id='word_1_284' title='bbox 430 3632 524 3713; x_wconf 79' lang='lat' dir='ltr'>item</span> <span class='ocrx_word' id='word_1_285' title='bbox 547 3658 597 3709; x_wconf 84' lang='lat' dir='ltr'>ne</span> <span class='ocrx_word' id='word_1_286' title='bbox 619 3632 755 3709; x_wconf 62' lang='lat' dir='ltr'>vortex</span> <span class='ocrx_word' id='word_1_287' title='bbox 777 3631 1004 3708; x_wconf 73' lang='lat' dir='ltr'>telluris&#39;dis</span> <span class='ocrx_word' id='word_1_288' title='bbox 1024 3630 1206 3733; x_wconf 72' lang='lat' dir='ltr'>ergeret‘ur</span> <span class='ocrx_word' id='word_1_289' title='bbox 1227 3633 1269 3708; x_wconf 85' lang='lat' dir='ltr'>iu</span> <span class='ocrx_word' id='word_1_290' title='bbox 1296 3636 1473 3711; x_wconf 81' lang='lat' dir='ltr'>vorticem</span> 
     </span>
     <span class='ocr_line' id='line_1_35' title="bbox 153 3730 1477 3839; baseline -0.005 -26"><span class='ocrx_word' id='word_1_291' title='bbox 153 3733 273 3826; x_wconf 80' lang='lat' dir='ltr'>solis,</span> <span class='ocrx_word' id='word_1_292' title='bbox 296 3732 430 3835; x_wconf 88' lang='lat' dir='ltr'>quippe</span> <span class='ocrx_word' id='word_1_293' title='bbox 452 3731 610 3831; x_wconf 80' lang='lat' dir='ltr'>majores</span> <span class='ocrx_word' id='word_1_294' title='bbox 633 3730 914 3834; x_wconf 79' lang='lat' dir='ltr'>songecircusos</span> <span class='ocrx_word' id='word_1_295' title='bbox 934 3731 982 3808; x_wconf 85' lang='lat' dir='ltr'>de</span> <span class='ocrx_word' id='word_1_296' title='bbox 999 3730 1217 3823; x_wconf 68' lang='lat' dir='ltr'>rubentem,</span> <span class='ocrx_word' id='word_1_297' title='bbox 1243 3734 1477 3839; x_wconf 74' lang='lat' dir='ltr'>adeoquemi÷</span> 
     </span>
     <span class='ocr_line' id='line_1_36' title="bbox 154 3830 1478 3935; baseline 0.001 -26"><span class='ocrx_word' id='word_1_298' title='bbox 154 3859 246 3909; x_wconf 84' lang='lat' dir='ltr'>nore</span> <span class='ocrx_word' id='word_1_299' title='bbox 272 3830 436 3922; x_wconf 73' lang='lat' dir='ltr'>(ceteris</span> <span class='ocrx_word' id='word_1_300' title='bbox 459 3832 631 3934; x_wconf 86' lang='lat' dir='ltr'>paribus)</span> <span class='ocrx_word' id='word_1_301' title='bbox 652 3832 697 3909; x_wconf 78' lang='lat' dir='ltr'>iri</span> <span class='ocrx_word' id='word_1_302' title='bbox 716 3830 924 3935; x_wconf 76' lang='lat' dir='ltr'>-centr&#39;isuga</span> <span class='ocrx_word' id='word_1_303' title='bbox 945 3832 1165 3933; x_wconf 69' lang='lat' dir='ltr'>praeditum</span> <span class='ocrx_word' id='word_1_304' title='bbox 1192 3831 1398 3935; x_wconf 84' lang='lat' dir='ltr'>Respondet</span> <span class='ocrx_word' id='word_1_305' title='bbox 1424 3836 1478 3910; x_wconf 87' lang='lat' dir='ltr'>in·-</span> 
     </span>
     <span class='ocr_line' id='line_1_37' title="bbox 155 3930 1478 4037; baseline 0.002 -31"><span class='ocrx_word' id='word_1_306' title='bbox 155 3932 380 4013; x_wconf 89' lang='lat' dir='ltr'>troducendo</span> <span class='ocrx_word' id='word_1_307' title='bbox 399 3930 586 4034; x_wconf 83' lang='lat' dir='ltr'>quandam</span> <span class='ocrx_word' id='word_1_308' title='bbox 606 3934 760 4030; x_wconf 80' lang='lat' dir='ltr'>partium</span> <span class='ocrx_word' id='word_1_309' title='bbox 778 3932 1027 4030; x_wconf 70' lang='lat' dir='ltr'>‚congruitatem</span> <span class='ocrx_word' id='word_1_310' title='bbox 1058 3933 1120 4006; x_wconf 80' lang='lat' dir='ltr'>vel</span> <span class='ocrx_word' id='word_1_311' title='bbox 1141 3932 1478 4037; x_wconf 70' lang='lat' dir='ltr'>incongruitatem,</span> 
     </span>
     <span class='ocr_line' id='line_1_38' title="bbox 153 4030 1181 4134; baseline 0.002 -29"><span class='ocrx_word' id='word_1_312' title='bbox 153 4057 234 4132; x_wconf 84' lang='lat' dir='ltr'>quae</span> <span class='ocrx_word' id='word_1_313' title='bbox 261 4030 415 4107; x_wconf 83' lang='lat' dir='ltr'>retineat</span> <span class='ocrx_word' id='word_1_314' title='bbox 437 4031 603 4134; x_wconf 32' lang='lat' dir='ltr'>&gt;alioquin</span> <span class='ocrx_word' id='word_1_315' title='bbox 624 4031 867 4132; x_wconf 81' lang='lat' dir='ltr'>aufugituras.</span> <span class='ocrx_word' id='word_1_316' title='bbox 894 4031 1083 4109; x_wconf 62' lang='lat' dir='ltr'>‘Hadicnus</span> <span class='ocrx_word' id='word_1_317' title='bbox 1102 4031 1181 4107; x_wconf 87' lang='lat' dir='ltr'>ille.</span> 
     </span>
    </p>

    <p class='ocr_par' dir='ltr' id='par_1_3' title="bbox 149 4124 1480 4733">
     <span class='ocr_line' id='line_1_39' title="bbox 208 4124 1480 4232; baseline -0.006 -26"><span class='ocrx_word' id='word_1_318' title='bbox 208 4128 272 4206; x_wconf 83' lang='lat' dir='ltr'>Ad</span> <span class='ocrx_word' id='word_1_319' title='bbox 296 4154 374 4231; x_wconf 80' lang='lat' dir='ltr'>quae</span> <span class='ocrx_word' id='word_1_320' title='bbox 394 4128 579 4231; x_wconf 87' lang='lat' dir='ltr'>sequeutia</span> <span class='ocrx_word' id='word_1_321' title='bbox 601 4124 766 4232; x_wconf 82' lang='lat' dir='ltr'>repono:</span> <span class='ocrx_word' id='word_1_322' title='bbox 790 4139 848 4222; x_wconf 87' lang='lat'>(1)</span> <span class='ocrx_word' id='word_1_323' title='bbox 870 4132 1033 4206; x_wconf 76' lang='lat' dir='ltr'>Galsiaeus</span> <span class='ocrx_word' id='word_1_324' title='bbox 1051 4160 1122 4207; x_wconf 76' lang='lat' dir='ltr'>mn</span> <span class='ocrx_word' id='word_1_325' title='bbox 1133 4132 1311 4231; x_wconf 75' lang='lat' dir='ltr'>supposuit</span> <span class='ocrx_word' id='word_1_326' title='bbox 1330 4150 1480 4205; x_wconf 83' lang='lat' dir='ltr'>tantum</span> 
     </span>
     <span class='ocr_line' id='line_1_40' title="bbox 153 4227 1480 4330; baseline -0.007 -25"><span class='ocrx_word' id='word_1_327' title='bbox 153 4230 196 4305; x_wconf 88' lang='lat' dir='ltr'>in</span> <span class='ocrx_word' id='word_1_328' title='bbox 224 4227 396 4330; x_wconf 84' lang='lat' dir='ltr'>gravibus</span> <span class='ocrx_word' id='word_1_329' title='bbox 412 4250 555 4305; x_wconf 85' lang='lat' dir='ltr'>motum</span> <span class='ocrx_word' id='word_1_330' title='bbox 570 4228 765 4330; x_wconf 63' lang='lat' dir='ltr'>equalibus</span> <span class='ocrx_word' id='word_1_331' title='bbox 782 4230 1002 4330; x_wconf 86' lang='lat' dir='ltr'>temporibus</span> <span class='ocrx_word' id='word_1_332' title='bbox 1017 4234 1206 4326; x_wconf 78' lang='lat' dir='ltr'>acqualiter</span> <span class='ocrx_word' id='word_1_333' title='bbox 1221 4228 1480 4317; x_wconf 83' lang='lat' dir='ltr'>acceleratum,</span> 
     </span>
     <span class='ocr_line' id='line_1_41' title="bbox 156 4324 1476 4441; baseline -0.007 -36"><span class='ocrx_word' id='word_1_334' title='bbox 156 4327 221 4405; x_wconf 86' lang='lat' dir='ltr'>sed</span> <span class='ocrx_word' id='word_1_335' title='bbox 244 4327 356 4405; x_wconf 87' lang='lat' dir='ltr'>etiam</span> <span class='ocrx_word' id='word_1_336' title='bbox 372 4325 577 4407; x_wconf 85' lang='lat' dir='ltr'>rationibus</span> <span class='ocrx_word' id='word_1_337' title='bbox 589 4351 699 4430; x_wconf 84' lang='lat' dir='ltr'>atque</span> <span class='ocrx_word' id='word_1_338' title='bbox 709 4328 961 4441; x_wconf 83' lang='lat' dir='ltr'>experimentis</span> <span class='ocrx_word' id='word_1_339' title='bbox 973 4329 1191 4409; x_wconf 83' lang='lat' dir='ltr'>confirmare</span> <span class='ocrx_word' id='word_1_340' title='bbox 1209 4326 1302 4400; x_wconf 87' lang='lat' dir='ltr'>nisus</span> <span class='ocrx_word' id='word_1_341' title='bbox 1315 4324 1385 4414; x_wconf 85' lang='lat' dir='ltr'>est,</span> <span class='ocrx_word' id='word_1_342' title='bbox 1411 4348 1476 4397; x_wconf 87' lang='lat' dir='ltr'>nec</span> 
     </span>
     <span class='ocr_line' id='line_1_42' title="bbox 150 4421 1475 4521; baseline -0.005 -17"><span class='ocrx_word' id='word_1_343' title='bbox 150 4449 255 4504; x_wconf 86' lang='lat' dir='ltr'>certe</span> <span class='ocrx_word' id='word_1_344' title='bbox 280 4451 419 4509; x_wconf 76' lang='lat' dir='ltr'>temere</span> <span class='ocrx_word' id='word_1_345' title='bbox 442 4425 486 4499; x_wconf 87' lang='lat' dir='ltr'>in</span> <span class='ocrx_word' id='word_1_346' title='bbox 506 4452 592 4502; x_wconf 83' lang='lat' dir='ltr'>cam</span> <span class='ocrx_word' id='word_1_347' title='bbox 612 4427 834 4506; x_wconf 82' lang='lat' dir='ltr'>sententiam</span> <span class='ocrx_word' id='word_1_348' title='bbox 855 4427 1037 4507; x_wconf 74' lang='lat' dir='ltr'>devenit.</span> <span class='ocrx_word' id='word_1_349' title='bbox 1060 4437 1121 4521; x_wconf 80' lang='lat'>(2)</span> <span class='ocrx_word' id='word_1_350' title='bbox 1147 4423 1334 4502; x_wconf 80' lang='lat' dir='ltr'>confundit</span> <span class='ocrx_word' id='word_1_351' title='bbox 1358 4421 1475 4498; x_wconf 82' lang='lat' dir='ltr'>noster</span> 
     </span>
     <span class='ocr_line' id='line_1_43' title="bbox 149 4520 1478 4626; baseline -0.005 -21"><span class='ocrx_word' id='word_1_352' title='bbox 149 4526 322 4626; x_wconf 68' lang='lat' dir='ltr'>objeaor</span> <span class='ocrx_word' id='word_1_353' title='bbox 342 4523 657 4614; x_wconf 67' lang='lat' dir='ltr'>demonstrationem</span> <span class='ocrx_word' id='word_1_354' title='bbox 672 4529 841 4605; x_wconf 69' lang='lat' dir='ltr'>&lt;veritatis</span> <span class='ocrx_word' id='word_1_355' title='bbox 865 4528 1015 4626; x_wconf 76' lang='lat' dir='ltr'>alicujus</span> <span class='ocrx_word' id='word_1_356' title='bbox 1043 4520 1250 4603; x_wconf 82' lang='lat' dir='ltr'>eum-causae</span> <span class='ocrx_word' id='word_1_357' title='bbox 1278 4520 1478 4598; x_wconf 81' lang='lat' dir='ltr'>redditione</span> 
     </span>
     <span class='ocr_line' id='line_1_44' title="bbox 155 4620 1480 4733; baseline -0.003 -30"><span class='ocrx_word' id='word_1_358' title='bbox 155 4654 223 4732; x_wconf 88' lang='lat' dir='ltr'>per</span> <span class='ocrx_word' id='word_1_359' title='bbox 240 4629 422 4730; x_wconf 82' lang='lat' dir='ltr'>quandam</span> <span class='ocrx_word' id='word_1_360' title='bbox 445 4625 698 4733; x_wconf 70' lang='lat' dir='ltr'>hyporhefin,</span> <span class='ocrx_word' id='word_1_361' title='bbox 726 4648 799 4706; x_wconf 70' lang='lat' dir='ltr'>‘nec</span> <span class='ocrx_word' id='word_1_362' title='bbox 829 4628 976 4707; x_wconf 80' lang='lat' dir='ltr'>sortasse</span> <span class='ocrx_word' id='word_1_363' title='bbox 1000 4625 1154 4720; x_wconf 66' lang='lat' dir='ltr'>fingenii</span> <span class='ocrx_word' id='word_1_364' title='bbox 1182 4620 1369 4701; x_wconf 73' lang='lat' dir='ltr'>consilium</span> <span class='ocrx_word' id='word_1_365' title='bbox 1390 4622 1480 4698; x_wconf 83' lang='lat' dir='ltr'>satis</span> 
     </span>
    </p>

    <p class='ocr_par' dir='ltr' id='par_1_4' title="bbox 1349 4749 1429 4824">
     <span class='ocr_line' id='line_1_45' title="bbox 1349 4749 1429 4824; baseline 0 -29"><span class='ocrx_word' id='word_1_366' title='bbox 1349 4749 1429 4824; x_wconf 87' lang='lat' dir='ltr'>pet·</span> 
     </span>
    </p>
   </div>
   <div class='ocr_carea' id='block_1_3' title="bbox 0 0 1896 5459">
    <p class='ocr_par' dir='ltr' id='par_1_5' title="bbox 0 0 1896 5459">
     <span class='ocr_line' id='line_1_46' title="bbox 0 0 1896 5459; baseline 0 0"><span class='ocrx_word' id='word_1_367' title='bbox 0 0 1896 5459; x_wconf 95' lang='lat' dir='ltr'> </span> 
     </span>
    </p>
   </div>
  </div>
 </body>
</html>
