3784 5459
447 254 580 382 246:
837 246 1324 349 Aera.

210 455 530 533 noetur'uantia
558 452 801 555 reperiantur.
828 448 886 525 Ibi
908 475 936 523 1.
954 445 1142 522 observare
1160 463 1351 546 poterunt,
1370 439 1615 547 ‚velocitatem
1637 472 1707 524 ma·

212 545 273 601 An.
291 541 376 616 ¹⁶⁹¹*
399 557 497 632 teriae
524 555 740 657 gravitatem
770 549 959 625 efficientis
986 547 1056 621 esse
1084 544 1200 620 multo
1228 543 1404 616 minorem
1442 548 1550 644 quant
1579 574 1649 648 ego
1670 550 1738 623 iti·-
1772 610 1779 633 .,

215 617 264 680 Μ’
289 617 356 693 1²²
397 655 616 737 Astrud.
644 653 861 727 retuleram:
899 672 1008 760 quum
1037 645 1132 718 enim
1161 670 1204 716 ex
1230 642 1415 717 crimentis
1451 644 1494 717 ad
1522 645 1713 747 ipsamfin·

398 756 596 859 dagandam
625 751 804 828 institutis
822 774 895 825 non
913 744 1173 832 interfuissem,
1198 671 1301 815 sicile
1327 741 1463 819 fabium
1484 743 1555 836 cll,
1583 774 1622 821 uc
1644 773 1714 825 tra·

398 858 461 933 tto
490 854 664 958 temporis
692 851 866 924 memoria
893 871 951 920 me
978 841 1163 917 fefellerit:
1193 840 1286 916 hunc
1304 867 1421 917 autern
1451 844 1587 945 lapsum
1604 849 1714 926 eosa-

398 957 502 1031 cilius
526 954 731 1030 excusatum
759 949 805 1022 iri
831 948 963 1048 spero,
989 942 1085 1044 quod
1112 939 1247 1015 etiamst
1274 942 1369 1017 dieta
1394 944 1570 1019 velocitas
1599 950 1713 1025 multo

396 1057 519 1131 minor
545 1054 586 1128 stt
613 1078 719 1153 quam
738 1047 986 1131 crediderant:
1013 1043 1204 1117 illatamen
1231 1041 1418 1134 remacli,
1446 1045 1712 1149 utconscquen-

393 1157 477 1248 tia,
503 1179 596 1255 quas
614 1151 698 1227 inde
712 1147 883 1237 deduxi,
910 1172 930 1219 a
958 1168 1045 1218 vero
1074 1169 1261 1315 perparum
1289 1144 1480 1219 aberrent.
1516 1148 1587 1219 Per
1613 1148 1711 1228 diblz

397 1258 555 1330 materia
579 1252 811 1327 velocitatem
849 1246 1003 1348 explicat
1037 1270 1075 1317 cc
1092 1244 1285 1322 cherrimus
1311 1244 1452 1318 Auslor
1484 1244 1652 1347 gravium
1677 1250 1713 1327 in

397 1353 562 1430 descensu
581 1348 896 1426 accelerationem:
917 1358 1073 1445 moxq'ue
1103 1351 1205 1443 (pag.
1220 1349 1321 1435 148.)
1348 1341 1521 1435 ostendit,
1545 1348 1713 1425 amcdio-

305 1466 309 1469 ’
396 1454 449 1527 cri
472 1452 665 1525 velocitate
693 1450 843 1524 eundem
872 1444 1040 1522 effeblum
1058 1468 1130 1516 non
1147 1441 1243 1542 posse
1263 1442 1469 1542 nepesini,
1497 1442 1613 1546 srcqne
1637 1475 1712 1526 rna.

396 1549 612 1626 niselliffime
639 1548 770 1624 refellit
798 1548 906 1624 ClL.
934 1566 1186 1646 argumentum
1214 1541 1707 1645 (inAsl.Erudit.Ao.169o

392 1674 429 1750 p.
449 1661 559 1743 224.)
585 1677 627 1724 ex
644 1652 732 1725 tubo
757 1645 816 1749 fig.
838 1677 870 1746 3.
896 1644 1150 1759 desumptum.
1178 1641 1346 1734 Deinde,
1370 1668 1432 1744 per
1458 1644 1555 1719 idem
1585 1649 1710 1748 princi·
1768 1652 1773 1662 '

395 1750 518 1851 pium,
542 1751 646 1852 gttvi
663 1747 891 1829 descendenti
909 1742 1329 1848 :equalibustempotibus
1346 1747 1495 1844 aequales
1511 1746 1709 1825 velocitatis

395 1851 524 1951 gradus
550 1849 748 1925 accrescere
775 1846 1015 1924 demonstrat:
1045 1844 1128 1936 vel,
1156 1840 1181 1917 fi
1209 1842 1343 1934 mavis,
1369 1840 1523 1920 ostendit
1549 1848 1644 1948 qnod
1670 1850 1709 1922 il·

394 1954 429 2022 le
456 1949 602 2025 effeilus
626 1942 824 2024 'necessario
850 1944 948 2021 se'ui
977 1942 1102 2020 debeat
1130 1969 1173 2016 ex
1200 1941 1301 2016 causa
1327 1946 1408 2044 quae'
1428 1944 1563 2021 existit.
1591 1951 1634 2023 In
1651 1967 1718 2022 eo-‘

396 2049 599 2141 dem-libro
625 2046 863 2122 inveniuntur
886 1977 1085 2121 solutiones
1109 2041 1364 2117 difficultatum
1393 2066 1471 2121 tunt
1498 2043 1598 2147 ipsus
1624 2049 1717 2123 clau·

394 2148 493 2222 Leib.
532 2171 610 2223 tum
638 2138 864 2223 celeberrimi
891 2141 1104 2221 Bernoullii‘
1128 2163 1256 2217 contra
1289 2141 1569 2243 explicationem
1606 2147 1722 2222 causa·

305 2296 311 2315 t
395 2247 587 2346 gravitatis
612 2245 1033 2348 permimrentriffigun
1059 2242 1219 2323 materiae
1246 2242 1497 2335 circulantis:
1518 2270 1622 2347 atque
1658 2245 1705 2323 ita

396 2346 608 2421 Lcsloribus
632 2347 695 2447 qui
721 2347 853 2420 librum
875 2344 1132 2457 Hugenianum
1159 2343 1320 2417 nondum
1347 2344 1616 2442 pervolverint,
1641 2372 1706 2447 ego

396 2443 495 2518 facili
523 2445 672 2544 negotio
699 2444 889 2533 indicavi,
925 2442 1111 2543 quomodo
1138 2441 1233 2521 circa
1259 2443 1444 2541 proditer:
1469 2470 1591 2519 omncs
1615 2472 1704 2545 qua·

396 2541 526 2618 stiones
553 2544 614 2617 srbi
640 2541 838 2620 satisfacere
864 2566 1017 2644 queant.
1045 2538 1196 2633 Restat,
1223 2564 1262 2617 ut
1281 2541 1325 2617 ad
1352 2541 1620 2619 controversam
1638 2570 1700 2617 no·

394 2642 500 2717 stiam
528 2642 752 2718 veniamus:
789 2662 912 2718 utrum¹
946 2641 1082 2718 scilicet
1101 2642 1302 2745 ‘quantitas
1331 2641 1463 2717 virium
1495 2640 1706 2717 motrieiunn

254 2742 326 2821 ¹³³8·
346 2758 376 2818 7·
396 2741 599 2842 quantitate
632 2767 752 2819 motus
778 2743 878 2839 reblc
901 2742 1121 2819 aestimetur:
1159 2767 1194 2818 at
1223 2770 1266 2817 ue
1301 2740 1357 2817 hic
1382 2743 1497 2819 eidem
1530 2740 1700 2817 methodo

393 2832 575 2918 inhaeiebo
596 2897 608 2936 ,
633 2870 739 2944 quam
767 2842 839 2946 ipse
867 2844 927 2919 Cl.
954 2841 1178 2919 Leibnitzius
1198 2770 1457 2945 loquutus'ell:
1490 2840 1700 2916 t.nimirunr

393 2937 642 3044 definitionem
670 2945 791 3019 dabo:
830 2941 959 3020 deinde
994 2971 1046 3043 exp
1073 2942 1286 3020 delinitione
1320 2968 1428 3045 quam
1455 2938 1608 3019 defendo
1631 2939 1702 3029 sert·⁴

394 3041 545 3115 tentiam
572 3043 841 3120 demonstrabo:
872 3072 912 3120 ac
941 3045 1121 3147 postremo
1146 3042 1280 3119 erroris
1303 3041 1447 3118 fontem
1474 3041 1650 3156 detegam.
1677 3046 1688 3067 ²

443 3141 517 3214 Hic
552 3170 577 3217 t
603 3143 820 3220 observabo:
849 3144 1041 3221 secundum
1059 3166 1288 3223 communem
1315 3142 1482 3229 omnium
1501 3165 1698 3239 rotronem,

342 3312 344 3315 ,
392 3241 635 3338 quantitatem
663 3243 797 3318 virium
826 3241 1032 3342 quantitate
1060 3243 1205 3319 effeslus
1232 3240 1423 3320 aellirnari:
1454 3240 1699 3344 petereenim,

244 3338 248 3345 ’
302 3340 313 3345 ”
392 3346 566 3436 quantum
594 3344 722 3443 aliquis
749 3341 854 3444 possit
880 3343 1053 3421 efficere?
1081 3367 1142 3420 aut
1168 3364 1302 3449 quanta
1327 3343 1505 3518 fitipsrus
1533 3340 1715 3460 potentialt2

392 3440 534 3550 prorsus
559 3443 655 3516 idem
684 3441 761 3517 est:
790 3444 1029 3547 potentiaque
1048 3447 1290 3546 quantitatem
1313 3441 1397 3535 lice
1426 3438 1715 3523 eielltmandamt

389 3539 462 3639 ipse
489 3541 548 3614 Cl.
575 3542 674 3617 Leib.
698 3542 922 3645 summopere
951 3538 1083 3645 urge't.
1117 3550 1171 3621 Ut
1198 3545 1311 3647 igitur
1343 3542 1526 3625 habeatur
1551 3539 1715 3621 delinitio

392 3638 537 3729 brevis,
564 3641 688 3732 clara,
722 3667 830 3744 atque
857 3656 877 3719 a
906 3646 1049 3721 nemine
1076 3643 1300 3748 respuenda,
1325 3644 1430 3722 debet
1458 3646 1532 3723 elle
1557 3644 1595 3718 in
1619 3641 1706 3715 bunc

389 3735 556 3812 sensnm:
591 3746 746 3817 Duorum
779 3765 949 3839 corporum
982 3749 1018 3819 in
1045 3767 1135 3820 motu
1160 3747 1252 3819 illud
1283 3746 1385 3825 habet
1405 3744 1493 3844 plus
1523 3741 1708 3844 porentia,

387 3837 485 3933 quod
504 3839 611 3934 potest
632 3844 713 3938 plur
737 3842 874 3936 effeslrrs
895 3846 1080 3943 producere
1096 3876 1110 3918 .·
1126 3845 1259 3933 sivero
1285 3845 1441 3935 neutrum,
1461 3843 1517 3935 Jt'r
1530 3838 1706 3935 ejusmodi:

388 3936 454 4008 itta
479 3958 617 4035 corpora
640 3943 763 4017 habent
786 3947 882 4019 vires
906 3948 1076 4041 equales.
1103 3946 1320 4031 Notandum
1346 3970 1471 4031 autern
1499 3943 1548 4037 est
1573 3995 1585 4035 ‚
1616 3933 1720 4041 quod-

387 4034 553 4135 legitima
580 4041 743 4117 mensura
764 4022 983 4144 quantitatis
1010 4043 1157 4127 effebus
1182 4072 1257 4124 non
1283 4044 1332 4125 est
1357 4045 1551 4150 quantitas
1574 4037 1676 4144 spatii
1693 4060 1721 4127 ³,

389 4162 543 4249 corpore
568 4141 726 4232 decursi,
752 4168 866 4242 neque
879 4142 1061 4244 quantitas
1083 4146 1263 4247 :temporis
1289 4148 1468 4248 perquod
1497 4166 1622 4240 motus
1635 4162 1724 4231 cot-2

387 4257 580 4314 tinuatur:
599 4240 658 4315 sed
685 4240 735 4317 est
752 4240 944 4320 rcfistentia
970 4270 1046 4345 quae
1072 4243 1251 4325 vincitur.
1279 4247 1385 4325 Idex
1405 4269 1451 4339 co
1480 4267 1608 4347 patet,
1625 4232 1725 4342 quos

385 4334 424 4408 in
452 4338 671 4416 Mechanica
697 4340 810 4441 spatia
837 4366 1111 4446 quantacunque
1131 4343 1319 4429 censentur
1345 4331 1717 4440 horizontaliterpos·

385 4432 421 4506 se
447 4440 643 4535 percurri,
667 4442 703 4514 dr
731 4462 853 4514 motus
879 4439 1115 4519 horizontalis
1142 4468 1203 4542 pet
1228 4443 1352 4527 saecula
1381 4444 1485 4544 posse
1516 4431 1725 4526 condonari

386 4531 458 4608 fine
485 4534 971 4637 potentiaeimminurione':
998 4541 1083 4640 quia
1108 4540 1246 4625 scilicet
1268 4543 1314 4629 ad
1331 4532 1490 4633 tuorum¹
1517 4541 1729 4633 horizonte,

386 4631 457 4709 lem
486 4634 1034 4739 continuandum-supponimus
1058 4638 1407 4743 nihilefllciepdum
1439 4643 1549 4741 else,
1565 4641 1627 4815 ipr
1644 4634 1692 4711 etr
1716 4632 1733 4729 ι’

438 4758 483 4800 ξω
526 4776 572 4808 ..4
1540 4768 1594 4817 nu
1625 4762 1683 4814 am
