3784 5459
533 208 641 351 '376
915 173 1422 308 Aera*

272 421 436 498 daturo.
453 421 589 519 gerstun
606 445 680 496 rem
698 417 920 521 prolatavit,
946 416 983 491 &
1009 414 1070 491 sub
1095 413 1304 491 ordinatim
1331 407 1515 588 applicatis
1533 408 1643 487 etiarn
1667 439 1741 489 cont·

275 509 434 672 pass-3335·
458 521 643 621 prehendit
671 519 782 612 reslas
808 537 1043 689 eonverfenres
1065 516 1109 590 ad
1135 539 1247 589 unum
1271 538 1341 611 pun
1382 536 1442 584 um
1458 537 1676 601 commune,
1698 542 1741 587 aur
1818 555 1819 558 ¹

456 618 501 694 ab
518 647 563 694 eo
579 622 811 733 divergenres.
836 622 889 691 Et
931 641 996 729 ane
1023 614 1193 715 parallelae
1219 610 1281 685 sub
1297 611 1599 711 convergenribus
1626 632 1681 684 aut
1701 614 1738 686 di·

452 707 1737 914 {snallalsssllsslslldslsalldll,llsssln‘lllll

455 912 543 1006 test,
569 937 610 988 ut
627 910 776 988 infinitae
794 911 875 986 duci
902 909 1150 1010 intelligantur
1166 908 1267 984 lineae
1293 907 1485 982 secundum
1511 906 1628 1006 legem
1649 934 1733 1007 quan·
1818 915 1819 1008 j

454 1011 538 1087 dam
566 1036 823 1101 communem,
848 1036 924 1110 quae
943 1028 1064 1082 tamen
1088 1034 1163 1080 non
1179 1005 1247 1080 fint
1265 1006 1435 1107 parallelae
1462 1005 1521 1078 vel
1548 1030 1733 1106 convergen·
1818 1023 1819 1040 ¹

456 1131 511 1183 tes
534 1110 576 1185 ad
643 1109 765 1184 odium
782 1106 947 1181 omnibus
962 1131 1173 1196 commune,
1200 1128 1261 1178 aut
1288 1132 1307 1179 a
1335 1104 1468 1203 pundo
1484 1103 1733 1177 omnibuscnn-
1818 1187 1819 1212 χ

456 1209 559 1281 muni
612 1208 841 1307 inargentes,
867 1205 950 1278 ideo
976 1229 1040 1277 nos
1066 1204 1152 1276 tales
1180 1203 1290 1276 lineas
1315 1201 1533 1301 generaliter
1562 1204 1731 1278 vocabimus

456 1305 648 1379 ordinatim
665 1304 803 1397 duilon,
820 1303 882 1379 vel
899 1301 1093 1380 ordinatim
1111 1297 1329 1400 (pofitione)
1345 1300 1469 1374 datas.
1497 1302 1659 1401 Exempli
1674 1328 1733 1375 cau·
1818 1321 1819 1356 ³

450 1402 515 1495 sa,
540 1402 763 1505 fispeeulum
777 1401 941 1503 aliquod,
969 1399 1024 1474 vel
1043 1398 1159 1499 potius
1177 1397 1287 1473 sessio
1304 1398 1377 1497 ejus
1393 1427 1413 1474 a
1431 1399 1542 1499 plano
1560 1426 1618 1500 per
1633 1427 1728 1494 arem,
1818 1435 1819 1504 q

454 1504 709 1603 cujuscumque
723 1499 844 1614 figurae
863 1498 1037 1600 politione
1053 1497 1141 1573 data
1158 1553 1170 1588 ,
1197 1497 1313 1572 radios
1329 1499 1468 1572 Solares
1494 1497 1567 1573 sive
1584 1499 1732 1576 immedia-

455 1626 515 1693 te,
540 1601 611 1676 live
629 1593 703 1701 post
721 1602 826 1673 altam
843 1598 1019 1712 quandam
1038 1596 1267 1684 reflexionem
1294 1620 1355 1672 aut
1382 1595 1629 1672 refraslionem
1651 1601 1730 1674 adre-

457 1699 596 1773 nientes
613 1697 770 1772 relleslat
786 1723 799 1786 3
818 1696 872 1770 isti
891 1696 980 1771 radii
999 1694 1124 1771 reflexi
1140 1720 1245 1770 erunt
1263 1694 1413 1771 infinitae
1431 1697 1533 1772 lineae
1551 1698 1644 1772 resia
1657 1698 1729 1771 ordi

457 1793 573 1872 natim
589 1796 722 1887 duddan,
747 1796 782 1868 ἃ
801 1797 886 1871 dato
903 1794 1031 1895 quovis
1049 1793 1181 1895 pundo
1197 1792 1327 1897 speculi
1344 1796 1500 1884 (caeteris
1520 1797 1728 1889 manentibus)

455 1895 600 1971 dabitur
618 1895 734 1968 radius
751 1891 903 1967 reflexus
930 1892 964 1967 ei
990 1894 1187 1992 respondens
1203 1948 1212 1968 .
1247 1899 1383 1968 Verum
1402 1919 1470 1994 ego
1488 1894 1551 1972 sub
1567 1895 1724 1970 ordinatim

453 1993 580 2069 distis·
600 2019 673 2067 non
690 2011 830 2074 tantum
850 1992 982 2084 resins,
1007 1992 1066 2068 sed
1083 1996 1118 2067 δι
1137 2019 1261 2068 curvas
1278 1993 1389 2068 lineas
1414 1994 1664 2104 qualescumque
1679 2021 1722 2068 ae·

458 2093 578 2194 cipio,
605 2090 713 2166 modo
737 2092 792 2163 len
817 2091 1010 2184 habeatur,
1035 2092 1225 2168 secundum
1239 2117 1344 2194 quam
1362 2092 1448 2166 dato
1461 2093 1561 2169 lineae
1578 2094 1724 2190 cujusdam

449 2192 548 2266 darre
570 2200 773 2294 (tanquam
790 2193 1029 2283 ordinatonis)
1053 2193 1209 2294 pundio,
1236 2192 1446 2292 respondens
1464 2192 1497 2265 ei
1517 2193 1637 2292 pundo
1651 2194 1725 2266 linet

454 2291 539 2366 duci
558 2289 660 2391 possit
679 2344 689 2381 ,
715 2318 792 2393 quae
819 2318 887 2367 una
904 2291 973 2366 erit
1000 2317 1044 2366 ex
1062 2291 1255 2366 ordinatim
1274 2291 1462 2382 ducendis,
1488 2290 1544 2365 seu
1560 2292 1723 2366 ordinatim

507 2388 632 2463 srtione
643 2390 750 2464 datis.
767 2392 894 2462 Ordine
911 2389 1008 2464 enim
1026 2389 1264 2490 percurrendo
1299 2388 1403 2464 unda
1415 2390 1629 2465 ordinatricis
1642 2398 1726 2477 (vcr-

484 2487 492 2501 '
511 2486 625 2588 gratia
641 2487 742 2562 lineae
762 2546 772 2583 ,
797 2487 895 2585 cujus
913 2489 1095 2562 rotatione
1111 2485 1154 2561 fit
1171 2416 1349 2589 speculum
1375 2489 1480 2588 piulo
1494 2513 1568 2561 ante
1582 2487 1722 2576 didlum,

455 2585 515 2659 scu
532 2585 697 2660 sedionis
712 2585 789 2683 ejus
816 2612 877 2686 per
895 2595 1030 2684 anem)
1055 2585 1181 2660 ordine
1198 2586 1391 2686 prodibunt
1408 2586 1500 2660 lineae
1514 2588 1575 2658 illa
1596 2585 1720 2662 ordina-

448 2685 523 2758 tim
539 2685 644 2759 datar.
664 2688 777 2757 Porro
792 2685 855 2760 etsi
873 2711 920 2759 eae
937 2711 1010 2760 non
1026 2710 1240 2760 concurrant
1259 2712 1383 2758 omnes
1400 2684 1439 2758 ad
1453 2709 1552 2757 unum
1568 2682 1721 2781 punilum

454 2805 645 2856 commune
655 2836 667 2873 ,
684 2804 803 2856 tamen
823 2784 1035 2884 regulariter
1053 2783 1127 2858 duae
1170 2785 1275 2861 uaevis
1291 2784 1376 2857 tales
1392 2783 1486 2856 lineae
1500 2784 1655 2877 proxime,
1668 2780 1724 2868 (id

452 2879 502 2954 est
526 2879 736 2969 infinirostmr
761 2881 988 2975 differentes,
1014 2880 1073 2957 seu
1100 2809 1242 2957 ininite
1268 2907 1416 2983 parvam
1442 2882 1596 2954 habentes
1619 2878 1725 2954 distan-

275 3011 344 3092 p,g‚
368 3011 434 3088 1⁶9·
454 2979 575 3070 tiam)
600 3005 818 3054 concurrunt
845 2980 941 3054 inter
959 2981 1021 3074 se,
1049 2980 1290 3081 pundumque
1308 2978 1496 3055 concursus
1511 2979 1553 3052 est
1569 2976 1722 3077 allignabi·
1818 3003 1819 3054 l

454 3079 512 3169 le,
530 3080 565 3153 &
583 3076 637 3151 his
653 3079 876 3155 concursibus
890 3080 1088 3155 ordinatim
1107 3077 1254 3179 sumptis
1271 3107 1366 3154 nova
1385 3078 1505 3177 prodit
1521 3081 1720 3151 linraconcor-

445 3181 575 3273 suurn,
602 3203 677 3275 quar
704 3175 751 3249 est
776 3176 938 3250 omnium
958 3176 1191 3251 concursatum
1219 3177 1314 3252 inter
1332 3177 1513 3279 proximas
1535 3179 1616 3250 locus
1638 3198 1723 3248 cont·⁴

452 3276 571 3350 munis
590 3328 600 3365 ,
626 3272 801 3376 habetque
820 3275 887 3348 hoc
905 3276 1110 3377 egregium,
1136 3275 1233 3388 quod
1260 3302 1384 3352 omnes
1401 3276 1588 3352 ordinatim
1602 3272 1726 3361 doun,

450 3395 602 3475 quarum
629 3371 801 3446 concursu
826 3372 1032 3469 formatur,
1059 3398 1202 3475 tangrr,
1229 3402 1336 3476 quam
1365 3375 1636 3478 proprietatem,
1658 3396 1728 3445 cum

451 3470 706 3545 meditantibus
721 3465 805 3543 saris
822 3495 1018 3572 appareat,
1044 3471 1282 3549 demonstrare
1310 3467 1367 3549 lric
1394 3501 1468 3549 non
1490 3474 1537 3549 est
1551 3502 1574 3548 ο
1636 3525 1645 3545 .
1667 3473 1728 3544 Ta·

452 3570 496 3641 lis
513 3566 559 3641 est
586 3571 673 3639 linea
689 3571 875 3642 evolutione
885 3597 1078 3667 generans,
1106 3599 1145 3646 ea
1164 3572 1259 3646 enim
1277 3599 1401 3648 omnes
1418 3575 1534 3649 resins
1548 3497 1725 3649 adiutem

450 3667 657 3741 evolutione
674 3692 878 3766 generatam
898 3669 1201 3770 perpendiculares
1218 3672 1335 3771 tangit
1354 3725 1364 3762 ,
1392 3697 1437 3745 ex
1456 3670 1660 3773 Hugeniano
1680 3666 1725 3738 in·

451 3789 587 3840 vento.
614 3767 721 3838 Tales
738 3765 818 3838 sunt
844 3766 945 3840 lineae
962 3767 1078 3867 plures
1103 3770 1327 3842 convolutione
1338 3793 1558 3866 generantes,
1580 3791 1648 3870 quas
1659 3766 1721 3839 un.
1774 3841 1777 3850 ,

450 3867 501 3938 1).
512 3866 559 3938 T.
577 3863 818 3963 excogitavit,
844 3864 879 3937 dt
907 3864 1005 3963 qnasi
1018 3869 1100 3939 Fori
1124 3867 1308 3941 abeodem
1328 3865 1553 3961 introdusii,
1575 3891 1642 3942 cum
1656 3886 1725 3936 con·

450 3961 570 4037 cursus
587 3959 860 4058 radiorumlnon
877 3957 969 4038 fiunt
990 3963 1027 4038 in
1047 3963 1202 4064 punslo,
1224 3963 1283 4041 sed
1300 3965 1337 4040 in
1356 3967 1431 4066 ejus
1447 3970 1570 4043 locum
1585 3971 1675 4039 loros
1689 3956 1728 4033 est

448 4062 606 4152 linearis,
621 4059 792 4133 concursu
808 4061 930 4135 saltem
950 4063 1099 4137 duarum
1114 4061 1358 4162 proximarum
1375 4092 1598 4168 quarumcun
1622 4089 1659 4139 ue
1672 4058 1731 4133 sor·

450 4183 583 4245 matus.
610 4157 677 4231 Sed
694 4184 775 4231 cum
794 4158 864 4233 haec
889 4186 963 4234 non
982 4159 1045 4234 nili
1063 4162 1107 4235 ad
1124 4160 1238 4235 resins
1255 4163 1485 4263 pertineant,
1513 4092 1680 4242 sciendum
1694 4153 1733 4230 est

447 4255 582 4355 aliquid
600 4256 788 4357 analogum
806 4257 841 4329 de
859 4257 897 4332 in
913 4258 1034 4331 curvis
1051 4258 1171 4333 locum
1190 4259 1337 4336 habere.
1365 4267 1423 4340 lta
1440 4266 1538 4341 linea
1553 4261 1732 4347 relleslens,

445 4379 523 4451 quae
542 4355 656 4428 radios
671 4352 862 4429 secundum
877 4381 1138 4458 quamcumque
1157 4357 1394 4461 proscriptam
1412 4365 1531 4463 legem
1558 4390 1578 4438 a
1602 4357 1734 4444 lucido,

447 4451 506 4522 vel
531 4451 670 4549 speculo
697 4472 757 4524 aut
775 4453 870 4524 lente
892 4462 994 4541 (una
1012 4455 1245 4554 pluribusve)
1270 4459 1433 4540 datarum
1451 4461 1666 4564 figurarum,
1686 4480 1735 4530 ve·

448 4548 586 4622 nientes
610 4548 728 4623 reddit
745 4550 877 4624 iterum
896 4576 1153 4654 couvergentes
1177 4555 1432 4660 (divergeutes
1454 4586 1522 4638 aut
1545 4558 1736 4665 parallelas)

1607 4684 1696 4760 cujus
