3784 5459
531 254 629 401 μὸ
770 221 1444 361 ·Acu0u.Erum

278 488 371 550 'romi
392 488 419 551 1.
461 495 553 549 tates
573 465 754 549 minorum
767 465 1053 549 canaliculorum‘
1066 498 1105 565 c,
1121 498 1161 563 c,
1176 496 1216 561 c,
1231 494 1271 560 c,
1285 495 1327 559 c,
1349 464 1690 546 &commodiorem
1712 492 1785 544 me·

281 565 432 710 Supplem.
464 574 542 649 talli
560 572 868 650 distributionem.
897 575 1060 673 Majores
1078 572 1116 647 hi
1134 570 1273 647 canales
1288 569 1468 683 necessum
1485 566 1534 643 est
1560 587 1602 643 ut
1620 568 1783 685 univers

282 642 319 709 ⁸⁶
348 647 430 713 'W'
466 698 684 749 concurrant
705 676 800 751 circa
827 674 1002 750 verticem
1020 672 1160 764 statue,
1173 670 1232 746 fit
1259 693 1299 745 ut
1316 695 1360 743 ex
1379 693 1488 743 unico
1502 666 1688 776 foramine
1711 669 1782 746 sor·

468 774 607 849 riantur
625 775 790 871 exitum,
815 800 981 877 propee,
1008 773 1068 849 ubi
1087 769 1274 874 postmodo
1299 768 1484 846 metallum
1511 767 1780 852 infundendum
1860 795 1861 806 ¹

468 873 541 949 cst.
570 879 745 951 Praeterea
771 877 880 952 ctiam
906 897 1052 976 oportet
1079 871 1190 973 ipsam
1215 873 1283 946 esse
1309 868 1517 985 instrustam
1544 896 1621 982 uno
1649 872 1779 947 altero·

464 979 669 1168 sinisii}
695 975 996 1178 zlttff‘slsll
1014 967 1777 1175 slimnlllfl‘ssllllss‘affl

457 1197 508 1248 -ut
536 1200 645 1249 unum
673 1178 732 1250 vel
758 1177 831 1251 duo
857 1175 1036 1250 foramina
1063 1199 1175 1275 prope
1202 1171 1297 1247 basin
1325 1168 1606 1270 relinquantur,
1634 1169 1693 1245 uti
1722 1170 1774 1248 hie

463 1299 511 1370 g,
526 1301 574 1371 g,
602 1274 663 1348 ubi
691 1277 829 1351 canales
856 1274 1009 1373 majores
1036 1300 1117 1348 cum
1144 1270 1257 1347 statua
1278 1293 1379 1347 cerea
1396 1268 1692 1371 conjunguntur3
1718 1299 1772 1373 per
1861 1267 1862 1362 ζ

453 1398 544 1473 ·quae
570 1373 642 1474 ipsa
659 1400 788 1477 nempe
805 1399 887 1449 cum
903 1372 1356 1475 Formulapetcoquitur,
1382 1394 1462 1444 cera
1478 1368 1599 1481 slatuae
1612 1397 1695 1446 nou
1712 1372 1770 1448 mi·
1861 1391 1862 1404 ¹

453 1497 556 1564 nus,
582 1499 691 1574 quam
711 1475 868 1577 ipsorum
886 1475 1064 1550 canalium
1091 1469 1235 1547 effluere
1252 1473 1396 1547 valeat·
1420 1470 1627 1567 MaJoribur
1645 1473 1768 1550 cauas·
1861 1527 1862 1552 2

453 1570 534 1646 'bus
561 1573 613 1648 ita
640 1573 840 1677 dispofitis,
875 1575 1088 1674 Formulam
1105 1575 1233 1649 denuo
1260 1595 1376 1648 totam
1404 1568 1598 1646 convestiri
1624 1598 1650 1644 o
1699 1597 1766 1650 rtet
1861 1591 1862 1598 ’

469 1668 646 1785 ejusmodi
665 1677 762 1750 luto:
791 1675 893 1767 (seor
920 1701 960 1748 er
978 1696 1096 1750 autem
1113 1672 1210 1747 soleo
1236 1672 1429 1747 formulam
1447 1671 1544 1771 prius
1558 1667 1631 1746 filie
1659 1673 1765 1749 erreis

466 1774 738 1877 circumligare,
764 1798 870 1877 atque
897 1703 1102 1850 studentum
1130 1774 1207 1874 plus
1229 1771 1298 1847 luti
1323 1771 1363 1848 sn
1409 1770 1645 1863 cinducere3)
1668 1799 1764 1850 cum·
1862 1809 1863 1866 3

464 1875 933 2052 liidffiiiedi'slpia
950 1873 1158 2077 {trull
1180 1871 1355 2074 {usila
1403 1872 1763 2050 alduulfus?
1861 1951 1863 1974 ¹

1148 2031 1157 2048 ·
1365 2023 1378 2064 a

463 2068 602 2165 solum,
628 2075 681 2149 ita
699 2074 772 2176 jam
792 2002 983 2177 uirugmque
999 2074 1099 2150 simul
1118 2072 1256 2149 tradlo.
1715 2123 1720 2130 -

517 2173 638 2249 Prima
665 2175 810 2278 quidem
837 2176 918 2251 vice
942 2230 955 2268 ,
982 2202 1063 2252 cum
1090 2174 1223 2250 huncce
1250 2173 1461 2254 methodum
1488 2174 1591 2277 praxi
1615 2173 1765 2272 darem,

395 2279 411 2311 ⁰
450 2291 542 2345 tam
560 2275 762 2368 Nucleum,
815 2302 896 2352 uam
911 2280 1060 2378 Typum
1078 2275 1178 2351 simul
1196 2278 1239 2348 v&
1267 2301 1461 2377 unaopera
1488 2274 1762 2377 percoquebam,

462 2369 554 2445 adeo
576 2373 721 2475 quidem
749 2302 874 2451 vaiido
900 2375 1013 2478 igne,
1040 2400 1079 2451 ut
1106 2374 1235 2451 cundia
1260 2373 1323 2452 isla
1350 2376 1489 2454 metalli
1514 2373 1659 2450 frustula
1683 2376 1764 2452 inde

453 2494 533 2545 »una
549 2471 739 2574 liquefacta
766 2475 908 2568 sorent,
935 2499 1043 2578 atque
1060 2473 1135 2566 fic,
1159 2475 1324 2576 quamvis
1349 2499 1429 2550 tum
1445 2474 1590 2577 quidem
1606 2476 1684 2551 casu
1708 2501 1764 2552 rea

462 2569 632 2742 prospere
657 2575 888 2668 succederet,
922 2576 1049 2677 ingena
1075 2598 1196 2650 tamen
1224 2577 1421 2676 periculum
1449 2577 1561 2667 esset,
1594 2603 1636 2649 ne
1660 2577 1765 2652 labor

481 2667 678 2748 rustrtneus
705 2677 890 2750 euas1ssett
927 2701 972 2749 ex
998 2701 1042 2749 eo
1068 2698 1188 2751 autem
1214 2698 1376 2777 tempore
1404 2701 1581 2779 nunquam
1607 2700 1678 2748 nou
1701 2676 1762 2749 so·

460 2768 521 2842 leo
537 2772 717 2850 Nutlenm
737 2776 894 2876 primunr
913 2801 1099 2876 perurere,
1117 2801 1162 2850 ne
1179 2799 1252 2852 tam
1273 2776 1346 2852 acri
1362 2775 1543 2878 dein'igne
1561 2774 1764 2876 indigeam,

461 2866 505 2942 ad
556 2877 819 2973 trcoquendum
846 2878 1045 2950 modulum.
1074 2882 1252 2952 Attamen
1280 2903 1345 2977 pro
1372 2878 1573 2952 minoribus
1598 2878 1635 2950 dt
1659 2873 1765 2950 stciie

447 2895 706 3048 tradabilibus
723 2974 867 3068 statuis,
894 2977 999 3051 unius
1019 2998 1104 3078 puta
1132 3000 1192 3050 aut
1211 2977 1365 3052 duorum
1385 2977 1512 3079 pedum
1536 2975 1769 3050 altitudinem

457 3065 554 3144 haud
586 3071 859 3173 superantibus,
895 3100 1087 3178 utrumque
1115 3099 1239 3154 eorum
1267 3074 1368 3151 simul
1394 3100 1606 3178 percoquere
1630 3075 1719 3147 sicet
1750 3106 1766 3150 ε

458 3191 534 3266 quo
559 3170 639 3247 casu
665 3174 776 3250 etiam
803 3201 879 3249 non
905 3202 995 3276 opus
1020 3174 1068 3249 est
1095 3175 1329 3253 foraminibus
1351 3204 1401 3274 g,
1418 3204 1472 3272 g,
1499 3178 1582 3247 dum
1603 3173 1771 3266 frontale

447 3264 598 3342 'inverti
618 3294 725 3371 atque
744 3273 788 3348 fic
806 3297 989 3349 ceta-mox
1007 3273 1152 3350 effluere
1169 3274 1282 3377 potest
1309 3303 1370 3378 pet
1383 3276 1517 3350 canales
1525 3272 1570 3365 f,
1580 3272 1623 3366 f,
1639 3276 1673 3346 δι
1694 3302 1742 3349 e.

505 3369 617 3469 Typo
633 3368 677 3444 fic
694 3373 866 3465 ernosto,
890 3373 963 3448 duo
979 3372 1043 3449 isla
1060 3374 1238 3452 foramina
1248 3403 1362 3475 Μ,
1384 3377 1462 3449 luto
1474 3373 1600 3474 sapius
1617 3399 1762 3458 memo·

446 3487 542 3540 *rato
568 3467 722 3563 obturo,
749 3498 855 3576 atque
882 3496 962 3548 tum
978 3476 1081 3550 illum
1107 3476 1145 3551 in
1163 3476 1322 3551 scrobem
1350 3474 1519 3566 desodio,
1542 3474 1668 3550 eodem
1688 3501 1766 3548 mo

321 3583 324 3588 “
457 3565 507 3639 do
533 3570 748 3668 procedens,
774 3573 837 3676 qni
865 3573 1011 3651 nfitatns
1036 3573 1084 3649 est
1109 3575 1149 3650 in
1175 3574 1372 3652 conflandis
1390 3573 1572 3676 campanis
1590 3577 1626 3648 8<
1643 3574 1766 3648 smili-

455 3664 547 3741 bus:
577 3692 661 3744 cura
689 3694 811 3749 tamen
838 3673 876 3747 in
886 3674 1013 3775 primis
1029 3674 1212 3769 habenda,
1237 3701 1277 3753 ut
1295 3678 1485 3754 metallum
1512 3674 1764 3779 perfusionem
1865 3731 1866 3744 ,

454 3765 567 3864 probe
592 3765 741 3849 fluidum
769 3771 961 3850 reddatur.
1865 3777 1866 3812 ¹

502 3866 541 3938 Si
566 3864 681 3944 statua
707 3872 851 3949 nonita
868 3900 998 3979 magna
1016 3875 1083 3970 fit,
1109 3905 1221 3956 unum
1239 3908 1366 3985 nempe
1394 3879 1536 3958 duosve
1553 3877 1646 3993 pedes
1661 3874 1764 3950 haud

451 3963 654 4060 excedens,
676 3970 775 4072 cujus
800 3974 890 4050 adeo
915 3976 1080 4052 modulor
1106 3982 1269 4058 manibus
1296 3984 1399 4058 unius
1425 3981 1586 4055 hominu
1609 3977 1768 4052 tractati

443 4088 554 4165 aptus
569 4066 634 4159 stt,
660 4091 739 4145 tunt
766 4100 963 4150 concavam
991 4077 1081 4153 mihi
1105 4107 1150 4155 ex
1173 4109 1254 4158 cera
1270 4082 1419 4159 statuum
1446 4079 1607 4155 formare
1634 4077 1769 4169 soleo,

267 4160 341 4249 ¹²²8·
360 4166 432 4247 3¹8·
449 4190 489 4278 ca
502 4189 573 4267 qua
588 4167 744 4280 lubitum
762 4172 811 4246 est
829 4223 842 4265 ,
865 4174 1043 4270 crassitie,
1059 4200 1166 4283 atque
1184 4181 1229 4257 fic
1245 4182 1349 4284 super
1368 4182 1435 4258 hac
1462 4181 1619 4282 dispono
1641 4203 1771 4255 omnes

447 4264 532 4338 allos
553 4291 707 4365 maturet
734 4272 961 4376 minoresque
987 4280 1150 4374 canales,
1176 4305 1216 4357 ut
1235 4307 1341 4358 antea
1358 4281 1562 4356 indicatum
1581 4278 1633 4355 est
1654 4314 1665 4355 :
1725 4305 1770 4354 uo

445 4362 544 4438 sadio
569 4387 688 4443 rotam
716 4397 796 4445 eam
823 4399 1034 4476 compagem
1061 4378 1164 4454 simul
1190 4381 1356 4458 immitto
1375 4380 1579 4459 substantiae
1595 4308 1773 4483 liquida,

429 4485 578 4561 ,paratz
600 4492 643 4581 eu
659 4470 772 4570 gypso
797 4471 833 4542 dt
850 4474 964 4547 latere
982 4476 1108 4553 coctili
1133 4480 1173 4554 in
1191 4484 1379 4581 puluerem
1398 4483 1666 4574 comminuto,
1686 4506 1778 4586 aqua

441 4583 679 4660 temperatis,
705 4573 845 4645 Verum
872 4597 955 4647 cum
980 4600 1055 4651 non
1072 4578 1233 4654 dubitem
1259 4635 1270 4674 ,
1297 4583 1386 4683 quin
1414 4582 1544 4659 modus
1568 4582 1634 4656 hic
1667 4607 1779 4685 typos

439 4683 460 4731 θ
487 4661 597 4763 ssl'Ps0
622 4663 782 4769 fingendi
806 4669 879 4772 jam
902 4675 1063 4758 Londini
1088 4677 1228 4786 affatim
1260 4682 1428 4785 cognitus
1457 4684 1500 4760 lit
1526 4738 1542 4778 ,
1574 4683 1674 4759 hinc
1705 4708 1781 4760 non
1864 4657 1866 4756 l

1630 4811 1735 4888 opus
1864 4795 1866 4858 l
