<?xml version="1.0" encoding="UTF-8"?>
<!DOCTYPE html PUBLIC "-//W3C//DTD XHTML 1.0 Transitional//EN"
    "http://www.w3.org/TR/xhtml1/DTD/xhtml1-transitional.dtd">
<html xmlns="http://www.w3.org/1999/xhtml" xml:lang="en" lang="en">
 <head>
  <title>
</title>
<meta http-equiv="Content-Type" content="text/html;charset=utf-8" />
  <meta name='ocr-system' content='tesseract 3.04.00' />
  <meta name='ocr-capabilities' content='ocr_page ocr_carea ocr_par ocr_line ocrx_word'/>
</head>
<body>
  <div class='ocr_page' id='page_1' title='image "./opusculaomniaac00unkngoog/opusculaomniaac00unkngoog_0422.png"; bbox 0 0 3784 5459; ppageno 0'>
   <div class='ocr_carea' id='block_1_1' title="bbox 553 295 1328 437">
    <p class='ocr_par' dir='ltr' id='par_1_1' title="bbox 553 295 1328 437">
     <span class='ocr_line' id='line_1_1' title="bbox 553 295 1328 437; baseline -0.012 -30"><span class='ocrx_word' id='word_1_1' title='bbox 553 307 652 437; x_wconf 88' lang='lat'>416</span> <span class='ocrx_word' id='word_1_2' title='bbox 937 295 1328 401; x_wconf 74' lang='lat' dir='ltr'>Acus</span> 
     </span>
    </p>
   </div>
   <div class='ocr_carea' id='block_1_2' title="bbox 291 505 1757 722">
    <p class='ocr_par' dir='ltr' id='par_1_2' title="bbox 291 505 1757 722">
     <span class='ocr_line' id='line_1_2' title="bbox 291 505 1757 688; baseline 0.001 -97"><span class='ocrx_word' id='word_1_3' title='bbox 291 516 455 591; x_wconf 64' lang='lat' dir='ltr'>meud-</span> <span class='ocrx_word' id='word_1_4' title='bbox 473 545 564 624; x_wconf 86' lang='lat' dir='ltr'>que,</span> <span class='ocrx_word' id='word_1_5' title='bbox 589 516 684 593; x_wconf 88' lang='lat' dir='ltr'>unde</span> <span class='ocrx_word' id='word_1_6' title='bbox 710 511 866 628; x_wconf 80' lang='lat' dir='ltr'>judicare</span> <span class='ocrx_word' id='word_1_7' title='bbox 893 510 1026 604; x_wconf 84' lang='lat' dir='ltr'>licuit,</span> <span class='ocrx_word' id='word_1_8' title='bbox 1051 512 1147 688; x_wconf 61' lang='lat' dir='ltr'>pund</span> <span class='ocrx_word' id='word_1_9' title='bbox 1175 536 1250 586; x_wconf 81' lang='lat' dir='ltr'>uua</span> <span class='ocrx_word' id='word_1_10' title='bbox 1277 534 1318 586; x_wconf 86' lang='lat' dir='ltr'>ac</span> <span class='ocrx_word' id='word_1_11' title='bbox 1342 508 1473 623; x_wconf 74' lang='lat' dir='ltr'>eredens</span> <span class='ocrx_word' id='word_1_12' title='bbox 1500 505 1628 612; x_wconf 78' lang='lat' dir='ltr'>jugiter</span> <span class='ocrx_word' id='word_1_13' title='bbox 1651 517 1757 592; x_wconf 78' lang='lat' dir='ltr'>matula</span> 
     </span>
     <span class='ocr_line' id='line_1_3' title="bbox 296 602 1756 722; baseline -0.003 -28"><span class='ocrx_word' id='word_1_14' title='bbox 296 602 455 672; x_wconf 49' lang='grc' dir='ltr'>ΛΜΨ·</span> <span class='ocrx_word' id='word_1_15' title='bbox 474 620 613 709; x_wconf 75' lang='lat' dir='ltr'>essent,</span> <span class='ocrx_word' id='word_1_16' title='bbox 646 615 715 690; x_wconf 89' lang='lat' dir='ltr'>hoc</span> <span class='ocrx_word' id='word_1_17' title='bbox 741 614 840 704; x_wconf 69' lang='lat' dir='ltr'>sutt5</span> <span class='ocrx_word' id='word_1_18' title='bbox 873 614 971 712; x_wconf 93' lang='lat' dir='ltr'>quod</span> <span class='ocrx_word' id='word_1_19' title='bbox 997 638 1054 685; x_wconf 88' lang='lat' dir='ltr'>me</span> <span class='ocrx_word' id='word_1_20' title='bbox 1079 637 1167 688; x_wconf 86' lang='lat' dir='ltr'>ranae</span> <span class='ocrx_word' id='word_1_21' title='bbox 1200 607 1541 722; x_wconf 75' lang='lat' dir='ltr'>maculaeperrodus</span> <span class='ocrx_word' id='word_1_22' title='bbox 1576 607 1694 711; x_wconf 78' lang='lat' dir='ltr'>semper</span> <span class='ocrx_word' id='word_1_23' title='bbox 1719 615 1756 689; x_wconf 88' lang='lat' dir='ltr'>dt·</span> 
     </span>
    </p>
   </div>
   <div class='ocr_carea' id='block_1_3' title="bbox 296 679 1755 892">
    <p class='ocr_par' dir='ltr' id='par_1_3' title="bbox 296 679 1755 892">
     <span class='ocr_line' id='line_1_4' title="bbox 296 679 1755 892; baseline 0.034 -153"><span class='ocrx_word' id='word_1_24' title='bbox 296 679 342 742; x_wconf 86' lang='grc' dir='ltr'>Μ.</span> <span class='ocrx_word' id='word_1_25' title='bbox 353 682 433 758; x_wconf 76' lang='lat' dir='ltr'>Aug·</span> <span class='ocrx_word' id='word_1_26' title='bbox 469 713 643 892; x_wconf 57' lang='lat' dir='ltr'>fremsa</span> <span class='ocrx_word' id='word_1_27' title='bbox 668 712 715 790; x_wconf 80' lang='lat' dir='ltr'>est</span> <span class='ocrx_word' id='word_1_28' title='bbox 743 712 902 788; x_wconf 63' lang='lat' dir='ltr'>constare</span> <span class='ocrx_word' id='word_1_29' title='bbox 927 740 949 805; x_wconf 90' lang='lat'>9</span> <span class='ocrx_word' id='word_1_30' title='bbox 975 710 1074 786; x_wconf 86' lang='lat' dir='ltr'>horis</span> <span class='ocrx_word' id='word_1_31' title='bbox 1099 712 1136 785; x_wconf 80' lang='lat' dir='ltr'>dt</span> <span class='ocrx_word' id='word_1_32' title='bbox 1167 733 1207 805; x_wconf 77' lang='lat'>51</span> <span class='ocrx_word' id='word_1_33' title='bbox 1235 708 1388 785; x_wconf 77' lang='lat' dir='ltr'>minutis</span> <span class='ocrx_word' id='word_1_34' title='bbox 1413 733 1477 810; x_wconf 85' lang='lat' dir='ltr'>per</span> <span class='ocrx_word' id='word_1_35' title='bbox 1504 706 1667 808; x_wconf 82' lang='lat' dir='ltr'>plusculas</span> <span class='ocrx_word' id='word_1_36' title='bbox 1684 738 1755 788; x_wconf 85' lang='lat' dir='ltr'>reve</span> 
     </span>
    </p>
   </div>
   <div class='ocr_carea' id='block_1_4' title="bbox 253 837 1825 4848">
    <p class='ocr_par' dir='ltr' id='par_1_4' title="bbox 488 837 1521 893">
     <span class='ocr_line' id='line_1_5' title="bbox 488 837 1521 893; baseline -0.012 -1"><span class='ocrx_word' id='word_1_37' title='bbox 488 842 590 893; x_wconf 84' lang='lat' dir='ltr'>utton</span> <span class='ocrx_word' id='word_1_38' title='bbox 636 868 646 888; x_wconf 87' lang='lat'><strong>.</strong></span> <span class='ocrx_word' id='word_1_39' title='bbox 926 837 935 854; x_wconf 65' lang='lat'><em>³</em></span> <span class='ocrx_word' id='word_1_40' title='bbox 1209 875 1214 882; x_wconf 94' lang='lat'><em>.</em></span> <span class='ocrx_word' id='word_1_41' title='bbox 1442 871 1446 878; x_wconf 73' lang='grc'><strong><em>,</em></strong></span> <span class='ocrx_word' id='word_1_42' title='bbox 1517 873 1521 880; x_wconf 93' lang='grc'>.</span> 
     </span>
    </p>

    <p class='ocr_par' dir='ltr' id='par_1_5' title="bbox 473 839 1753 1212">
     <span class='ocr_line' id='line_1_6' title="bbox 523 839 1753 1013; baseline -0.002 -23"><span class='ocrx_word' id='word_1_43' title='bbox 523 921 567 991; x_wconf 89' lang='lat' dir='ltr'>In</span> <span class='ocrx_word' id='word_1_44' title='bbox 590 839 837 1013; x_wconf 69' lang='lat' dir='ltr'>inimisphario</span> <span class='ocrx_word' id='word_1_45' title='bbox 863 911 897 985; x_wconf 90' lang='lat' dir='ltr'>ei</span> <span class='ocrx_word' id='word_1_46' title='bbox 923 907 1117 1013; x_wconf 76' lang='lat' dir='ltr'>oppofito,</span> <span class='ocrx_word' id='word_1_47' title='bbox 1142 908 1182 984; x_wconf 88' lang='lat' dir='ltr'>io</span> <span class='ocrx_word' id='word_1_48' title='bbox 1208 936 1282 1012; x_wconf 92' lang='lat' dir='ltr'>quo</span> <span class='ocrx_word' id='word_1_49' title='bbox 1308 910 1509 1011; x_wconf 81' lang='lat' dir='ltr'>tergemina</span> <span class='ocrx_word' id='word_1_50' title='bbox 1535 905 1753 987; x_wconf 60' lang='lat' dir='ltr'>wermuda</span> 
     </span>
     <span class='ocr_line' id='line_1_7' title="bbox 473 1008 1750 1111; baseline -0.003 -22"><span class='ocrx_word' id='word_1_51' title='bbox 473 1012 626 1105; x_wconf 88' lang='lat' dir='ltr'>extitit,</span> <span class='ocrx_word' id='word_1_52' title='bbox 652 1009 760 1088; x_wconf 85' lang='lat' dir='ltr'>aliam</span> <span class='ocrx_word' id='word_1_53' title='bbox 785 1012 965 1111; x_wconf 88' lang='lat' dir='ltr'>quandam</span> <span class='ocrx_word' id='word_1_54' title='bbox 992 1008 1109 1084; x_wconf 88' lang='lat' dir='ltr'>mense</span> <span class='ocrx_word' id='word_1_55' title='bbox 1136 1009 1305 1096; x_wconf 83' lang='lat' dir='ltr'>lanuario</span> <span class='ocrx_word' id='word_1_56' title='bbox 1336 1016 1424 1104; x_wconf 83' lang='lat'>¹⁶9¹</span> <span class='ocrx_word' id='word_1_57' title='bbox 1467 1031 1601 1082; x_wconf 83' lang='lat' dir='ltr'>novam</span> <span class='ocrx_word' id='word_1_58' title='bbox 1623 1010 1750 1085; x_wconf 72' lang='lat' dir='ltr'>noun</span> 
     </span>
     <span class='ocr_line' id='line_1_8' title="bbox 473 1106 1751 1212; baseline -0.005 -23"><span class='ocrx_word' id='word_1_59' title='bbox 473 1112 626 1189; x_wconf 83' lang='lat' dir='ltr'>formari</span> <span class='ocrx_word' id='word_1_60' title='bbox 652 1110 835 1211; x_wconf 85' lang='lat' dir='ltr'>contigit,</span> <span class='ocrx_word' id='word_1_61' title='bbox 870 1112 908 1185; x_wconf 91' lang='lat' dir='ltr'>in</span> <span class='ocrx_word' id='word_1_62' title='bbox 932 1109 1049 1212; x_wconf 89' lang='lat' dir='ltr'>spatio</span> <span class='ocrx_word' id='word_1_63' title='bbox 1074 1108 1194 1202; x_wconf 86' lang='lat' dir='ltr'>lucido</span> <span class='ocrx_word' id='word_1_64' title='bbox 1228 1110 1324 1184; x_wconf 88' lang='lat' dir='ltr'>inter</span> <span class='ocrx_word' id='word_1_65' title='bbox 1350 1109 1435 1186; x_wconf 88' lang='lat' dir='ltr'>duas</span> <span class='ocrx_word' id='word_1_66' title='bbox 1461 1106 1543 1182; x_wconf 88' lang='lat' dir='ltr'>illas</span> <span class='ocrx_word' id='word_1_67' title='bbox 1577 1106 1751 1204; x_wconf 56' lang='lat' dir='ltr'>muornsar</span> 
     </span>
    </p>

    <p class='ocr_par' dir='ltr' id='par_1_6' title="bbox 253 1201 1824 2201">
     <span class='ocr_line' id='line_1_9' title="bbox 253 1201 1824 1327; baseline -0.005 -37"><span class='ocrx_word' id='word_1_68' title='bbox 253 1201 370 1310; x_wconf 48' lang='lat' dir='ltr'>lvag.</span> <span class='ocrx_word' id='word_1_69' title='bbox 387 1228 456 1306; x_wconf 82' lang='lat'>364.</span> <span class='ocrx_word' id='word_1_70' title='bbox 474 1213 561 1327; x_wconf 73' lang='lat' dir='ltr'>scias</span> <span class='ocrx_word' id='word_1_71' title='bbox 586 1207 750 1285; x_wconf 87' lang='lat' dir='ltr'>obscuras</span> <span class='ocrx_word' id='word_1_72' title='bbox 776 1232 901 1324; x_wconf 80' lang='lat' dir='ltr'>centro</span> <span class='ocrx_word' id='word_1_73' title='bbox 928 1207 1126 1323; x_wconf 84' lang='lat' dir='ltr'>proximas.</span> <span class='ocrx_word' id='word_1_74' title='bbox 1153 1212 1204 1282; x_wconf 91' lang='lat' dir='ltr'>Et</span> <span class='ocrx_word' id='word_1_75' title='bbox 1222 1206 1387 1284; x_wconf 85' lang='lat' dir='ltr'>Callinus</span> <span class='ocrx_word' id='word_1_76' title='bbox 1413 1204 1626 1319; x_wconf 83' lang='lat' dir='ltr'>comparatis</span> <span class='ocrx_word' id='word_1_77' title='bbox 1638 1205 1752 1320; x_wconf 76' lang='lat' dir='ltr'>inrerse</span> <span class='ocrx_word' id='word_1_78' title='bbox 1823 1293 1824 1302; x_wconf 15' lang='lat' dir='ltr'>p</span> 
     </span>
     <span class='ocr_line' id='line_1_10' title="bbox 408 1304 1752 1504; baseline -0.006 -18.497"><span class='ocrx_word' id='word_1_79' title='bbox 408 1404 436 1464; x_wconf 57' lang='lat' dir='ltr'>s·</span> <span class='ocrx_word' id='word_1_80' title='bbox 473 1309 1049 1504; x_wconf 63' lang='lat' dir='ltr'>rrsrrrnnuulr</span> <span class='ocrx_word' id='word_1_81' title='bbox 1077 1305 1360 1482; x_wconf 66' lang='lat' dir='ltr'>ternu</span> <span class='ocrx_word' id='word_1_82' title='bbox 1377 1304 1752 1494; x_wconf 61' lang='lat' dir='ltr'>urrunnu</span> 
     </span>
     <span class='ocr_line' id='line_1_11' title="bbox 472 1501 1751 1591; baseline -0.006 -7"><span class='ocrx_word' id='word_1_83' title='bbox 472 1509 551 1585; x_wconf 86' lang='lat' dir='ltr'>fimi</span> <span class='ocrx_word' id='word_1_84' title='bbox 577 1506 664 1583; x_wconf 83' lang='lat' dir='ltr'>duas</span> <span class='ocrx_word' id='word_1_85' title='bbox 689 1506 802 1581; x_wconf 85' lang='lat' dir='ltr'>adhuc</span> <span class='ocrx_word' id='word_1_86' title='bbox 830 1507 1020 1586; x_wconf 82' lang='lat' dir='ltr'>annotavit</span> <span class='ocrx_word' id='word_1_87' title='bbox 1048 1508 1203 1581; x_wconf 87' lang='lat' dir='ltr'>maculas</span> <span class='ocrx_word' id='word_1_88' title='bbox 1229 1506 1296 1582; x_wconf 88' lang='lat' dir='ltr'>situ</span> <span class='ocrx_word' id='word_1_89' title='bbox 1322 1506 1419 1582; x_wconf 91' lang='lat' dir='ltr'>inter</span> <span class='ocrx_word' id='word_1_90' title='bbox 1437 1506 1475 1580; x_wconf 90' lang='lat' dir='ltr'>se</span> <span class='ocrx_word' id='word_1_91' title='bbox 1504 1502 1647 1591; x_wconf 81' lang='lat' dir='ltr'>vicinas,</span> <span class='ocrx_word' id='word_1_92' title='bbox 1666 1501 1751 1576; x_wconf 82' lang='lat' dir='ltr'>fasciis</span> 
     </span>
     <span class='ocr_line' id='line_1_12' title="bbox 472 1599 1824 1706; baseline -0.004 -24"><span class='ocrx_word' id='word_1_93' title='bbox 472 1607 629 1683; x_wconf 81' lang='lat' dir='ltr'>obscuris</span> <span class='ocrx_word' id='word_1_94' title='bbox 654 1630 781 1680; x_wconf 88' lang='lat' dir='ltr'>centro</span> <span class='ocrx_word' id='word_1_95' title='bbox 809 1606 984 1706; x_wconf 73' lang='lat' dir='ltr'>proximis</span> <span class='ocrx_word' id='word_1_96' title='bbox 1009 1606 1214 1706; x_wconf 82' lang='lat' dir='ltr'>contiguas.</span> <span class='ocrx_word' id='word_1_97' title='bbox 1242 1607 1409 1682; x_wconf 83' lang='lat' dir='ltr'>Omnino</span> <span class='ocrx_word' id='word_1_98' title='bbox 1435 1601 1560 1679; x_wconf 87' lang='lat' dir='ltr'>autem</span> <span class='ocrx_word' id='word_1_99' title='bbox 1584 1599 1752 1678; x_wconf 75' lang='lat' dir='ltr'>similubo</span> <span class='ocrx_word' id='word_1_100' title='bbox 1823 1631 1824 1694; x_wconf 69' lang='lat'>1</span> 
     </span>
     <span class='ocr_line' id='line_1_13' title="bbox 474 1699 1749 1818; baseline -0.007 -35"><span class='ocrx_word' id='word_1_101' title='bbox 474 1731 559 1783; x_wconf 92' lang='lat' dir='ltr'>runt</span> <span class='ocrx_word' id='word_1_102' title='bbox 587 1704 678 1796; x_wconf 90' lang='lat' dir='ltr'>illis,</span> <span class='ocrx_word' id='word_1_103' title='bbox 704 1729 790 1804; x_wconf 86' lang='lat' dir='ltr'>quas</span> <span class='ocrx_word' id='word_1_104' title='bbox 816 1705 855 1779; x_wconf 91' lang='lat' dir='ltr'>in</span> <span class='ocrx_word' id='word_1_105' title='bbox 873 1705 998 1781; x_wconf 89' lang='lat' dir='ltr'>eodem</span> <span class='ocrx_word' id='word_1_106' title='bbox 1026 1704 1141 1818; x_wconf 79' lang='lat' dir='ltr'>positu</span> <span class='ocrx_word' id='word_1_107' title='bbox 1167 1703 1420 1781; x_wconf 78' lang='lat' dir='ltr'>observaverat</span> <span class='ocrx_word' id='word_1_108' title='bbox 1447 1703 1509 1780; x_wconf 90' lang='lat' dir='ltr'>die</span> <span class='ocrx_word' id='word_1_109' title='bbox 1531 1699 1749 1797; x_wconf 75' lang='lat' dir='ltr'>13Deceolrit</span> 
     </span>
     <span class='ocr_line' id='line_1_14' title="bbox 482 1801 1824 1906; baseline -0.007 -27"><span class='ocrx_word' id='word_1_110' title='bbox 482 1814 604 1900; x_wconf 81' lang='lat'>1690,</span> <span class='ocrx_word' id='word_1_111' title='bbox 638 1803 833 1904; x_wconf 82' lang='lat' dir='ltr'>quibusque</span> <span class='ocrx_word' id='word_1_112' title='bbox 868 1805 905 1879; x_wconf 89' lang='lat' dir='ltr'>in</span> <span class='ocrx_word' id='word_1_113' title='bbox 933 1805 1108 1880; x_wconf 71' lang='lat' dir='ltr'>relatione</span> <span class='ocrx_word' id='word_1_114' title='bbox 1143 1827 1221 1878; x_wconf 86' lang='lat' dir='ltr'>tum</span> <span class='ocrx_word' id='word_1_115' title='bbox 1255 1805 1353 1906; x_wconf 78' lang='lat' dir='ltr'>typis</span> <span class='ocrx_word' id='word_1_116' title='bbox 1386 1801 1556 1879; x_wconf 88' lang='lat' dir='ltr'>mandata</span> <span class='ocrx_word' id='word_1_117' title='bbox 1580 1803 1751 1872; x_wconf 69' lang='lat' dir='ltr'>comum</span> <span class='ocrx_word' id='word_1_118' title='bbox 1823 1805 1824 1836; x_wconf 49' lang='lat' dir='ltr'>f</span> 
     </span>
     <span class='ocr_line' id='line_1_15' title="bbox 477 1895 1824 2005; baseline -0.006 -26"><span class='ocrx_word' id='word_1_119' title='bbox 477 1929 612 1979; x_wconf 87' lang='lat' dir='ltr'>nomen</span> <span class='ocrx_word' id='word_1_120' title='bbox 639 1901 831 1978; x_wconf 72' lang='lat' dir='ltr'>indiderat.</span> <span class='ocrx_word' id='word_1_121' title='bbox 853 1909 1065 2005; x_wconf 74' lang='lat' dir='ltr'>supponens</span> <span class='ocrx_word' id='word_1_122' title='bbox 1091 1901 1211 2003; x_wconf 88' lang='lat' dir='ltr'>itaque</span> <span class='ocrx_word' id='word_1_123' title='bbox 1236 1904 1314 1978; x_wconf 84' lang='lat' dir='ltr'>illas</span> <span class='ocrx_word' id='word_1_124' title='bbox 1339 1902 1583 1991; x_wconf 69' lang='lat' dir='ltr'>eneconem,</span> <span class='ocrx_word' id='word_1_125' title='bbox 1606 1899 1696 1998; x_wconf 79' lang='lat' dir='ltr'>plnres</span> <span class='ocrx_word' id='word_1_126' title='bbox 1712 1898 1753 1996; x_wconf 83' lang='lat' dir='ltr'>ip.</span> <span class='ocrx_word' id='word_1_127' title='bbox 1823 1895 1824 1918; x_wconf 64' lang='lat'>¹</span> 
     </span>
     <span class='ocr_line' id='line_1_16' title="bbox 477 2001 1752 2106; baseline -0.003 -28"><span class='ocrx_word' id='word_1_128' title='bbox 477 2004 595 2080; x_wconf 87' lang='lat' dir='ltr'>sarum</span> <span class='ocrx_word' id='word_1_129' title='bbox 622 2001 864 2077; x_wconf 84' lang='lat' dir='ltr'>revolutiones</span> <span class='ocrx_word' id='word_1_130' title='bbox 891 2002 1223 2096; x_wconf 71' lang='lat' dir='ltr'>interfecerunt,</span> <span class='ocrx_word' id='word_1_131' title='bbox 1249 2001 1556 2106; x_wconf 73' lang='lat' dir='ltr'>deprehenditque</span> <span class='ocrx_word' id='word_1_132' title='bbox 1570 2021 1752 2099; x_wconf 68' lang='lat' dir='ltr'>moran·</span> 
     </span>
     <span class='ocr_line' id='line_1_17' title="bbox 476 2095 1427 2201; baseline 0.001 -25"><span class='ocrx_word' id='word_1_133' title='bbox 476 2100 790 2194; x_wconf 84' lang='lat' dir='ltr'>liberconslare·9</span> <span class='ocrx_word' id='word_1_134' title='bbox 810 2102 907 2178; x_wconf 86' lang='lat' dir='ltr'>horis</span> <span class='ocrx_word' id='word_1_135' title='bbox 932 2106 969 2180; x_wconf 77' lang='lat' dir='ltr'>dt</span> <span class='ocrx_word' id='word_1_136' title='bbox 991 2127 1031 2201; x_wconf 83' lang='lat'>53</span> <span class='ocrx_word' id='word_1_137' title='bbox 1053 2101 1140 2178; x_wconf 88' lang='lat' dir='ltr'>mio.</span> <span class='ocrx_word' id='word_1_138' title='bbox 1362 2113 1368 2126; x_wconf 88' lang='lat'>&#39;</span> <span class='ocrx_word' id='word_1_139' title='bbox 1422 2095 1427 2106; x_wconf 78' lang='grc'>’</span> 
     </span>
    </p>

    <p class='ocr_par' dir='ltr' id='par_1_7' title="bbox 470 2195 1824 2978">
     <span class='ocr_line' id='line_1_18' title="bbox 496 2195 1755 2297; baseline 0.002 -21"><span class='ocrx_word' id='word_1_140' title='bbox 496 2245 503 2260; x_wconf 90' lang='lat'><em>·</em></span> <span class='ocrx_word' id='word_1_141' title='bbox 528 2200 692 2276; x_wconf 84' lang='lat' dir='ltr'>Ulterius</span> <span class='ocrx_word' id='word_1_142' title='bbox 717 2202 938 2291; x_wconf 85' lang='lat' dir='ltr'>annotavit,</span> <span class='ocrx_word' id='word_1_143' title='bbox 964 2225 1079 2278; x_wconf 88' lang='lat' dir='ltr'>certat</span> <span class='ocrx_word' id='word_1_144' title='bbox 1104 2202 1260 2276; x_wconf 79' lang='lat' dir='ltr'>maculet</span> <span class='ocrx_word' id='word_1_145' title='bbox 1286 2203 1329 2276; x_wconf 82' lang='lat' dir='ltr'>ab</span> <span class='ocrx_word' id='word_1_146' title='bbox 1354 2202 1478 2276; x_wconf 80' lang='lat' dir='ltr'>initio.</span> <span class='ocrx_word' id='word_1_147' title='bbox 1491 2201 1649 2278; x_wconf 75' lang='lat' dir='ltr'>rotundas</span> <span class='ocrx_word' id='word_1_148' title='bbox 1662 2195 1755 2297; x_wconf 65' lang='lat' dir='ltr'>pult·</span> 
     </span>
     <span class='ocr_line' id='line_1_19' title="bbox 478 2297 1824 2400; baseline -0.003 -25"><span class='ocrx_word' id='word_1_149' title='bbox 478 2301 755 2400; x_wconf 74' lang='lat' dir='ltr'>timelongatat</span> <span class='ocrx_word' id='word_1_150' title='bbox 780 2298 880 2373; x_wconf 78' lang='lat' dir='ltr'>firiffe</span> <span class='ocrx_word' id='word_1_151' title='bbox 907 2299 1097 2380; x_wconf 86' lang='lat' dir='ltr'>secundum</span> <span class='ocrx_word' id='word_1_152' title='bbox 1115 2300 1350 2377; x_wconf 75' lang='lat' dir='ltr'>diredlionern</span> <span class='ocrx_word' id='word_1_153' title='bbox 1368 2300 1576 2377; x_wconf 80' lang='lat' dir='ltr'>sesoiarem.</span> <span class='ocrx_word' id='word_1_154' title='bbox 1600 2297 1756 2396; x_wconf 80' lang='lat' dir='ltr'>Hujumo·</span> <span class='ocrx_word' id='word_1_155' title='bbox 1823 2311 1824 2318; x_wconf 68' lang='lat'>‘</span> 
     </span>
     <span class='ocr_line' id='line_1_20' title="bbox 477 2390 1755 2498; baseline -0.008 -24"><span class='ocrx_word' id='word_1_156' title='bbox 477 2402 514 2474; x_wconf 90' lang='lat' dir='ltr'>di</span> <span class='ocrx_word' id='word_1_157' title='bbox 539 2420 693 2498; x_wconf 88' lang='lat' dir='ltr'>quatuor</span> <span class='ocrx_word' id='word_1_158' title='bbox 721 2397 792 2493; x_wconf 78' lang='lat' dir='ltr'>jam</span> <span class='ocrx_word' id='word_1_159' title='bbox 817 2399 1019 2475; x_wconf 82' lang='lat' dir='ltr'>observavit</span> <span class='ocrx_word' id='word_1_160' title='bbox 1047 2401 1130 2475; x_wconf 88' lang='lat' dir='ltr'>inde</span> <span class='ocrx_word' id='word_1_161' title='bbox 1155 2425 1176 2474; x_wconf 90' lang='lat' dir='ltr'>a</span> <span class='ocrx_word' id='word_1_162' title='bbox 1203 2399 1321 2476; x_wconf 84' lang='lat' dir='ltr'>mense</span> <span class='ocrx_word' id='word_1_163' title='bbox 1348 2399 1542 2476; x_wconf 79' lang='lat' dir='ltr'>Februario</span> <span class='ocrx_word' id='word_1_164' title='bbox 1563 2397 1640 2473; x_wconf 86' lang='lat' dir='ltr'>anni</span> <span class='ocrx_word' id='word_1_165' title='bbox 1663 2390 1755 2469; x_wconf 82' lang='lat' dir='ltr'>novis·</span> 
     </span>
     <span class='ocr_line' id='line_1_21' title="bbox 476 2493 1758 2600; baseline -0.002 -28"><span class='ocrx_word' id='word_1_166' title='bbox 476 2498 554 2572; x_wconf 85' lang='lat' dir='ltr'>fimi</span> <span class='ocrx_word' id='word_1_167' title='bbox 582 2497 625 2570; x_wconf 89' lang='lat' dir='ltr'>ad</span> <span class='ocrx_word' id='word_1_168' title='bbox 651 2496 740 2571; x_wconf 92' lang='lat' dir='ltr'>illud</span> <span class='ocrx_word' id='word_1_169' title='bbox 768 2494 873 2596; x_wconf 84' lang='lat' dir='ltr'>usque</span> <span class='ocrx_word' id='word_1_170' title='bbox 901 2511 1070 2598; x_wconf 74' lang='lat' dir='ltr'>tempus,</span> <span class='ocrx_word' id='word_1_171' title='bbox 1104 2523 1178 2600; x_wconf 90' lang='lat' dir='ltr'>quo</span> <span class='ocrx_word' id='word_1_172' title='bbox 1204 2499 1344 2599; x_wconf 81' lang='lat' dir='ltr'>Jupiter</span> <span class='ocrx_word' id='word_1_173' title='bbox 1377 2501 1454 2573; x_wconf 81' lang='lat' dir='ltr'>soli</span> <span class='ocrx_word' id='word_1_174' title='bbox 1478 2522 1547 2574; x_wconf 81' lang='lat' dir='ltr'>uam</span> <span class='ocrx_word' id='word_1_175' title='bbox 1570 2493 1758 2596; x_wconf 71' lang='lat' dir='ltr'>propinqum</span> 
     </span>
     <span class='ocr_line' id='line_1_22' title="bbox 476 2593 1761 2698; baseline -0.005 -26"><span class='ocrx_word' id='word_1_176' title='bbox 476 2597 590 2673; x_wconf 75' lang='lat' dir='ltr'>{auus</span> <span class='ocrx_word' id='word_1_177' title='bbox 614 2593 702 2685; x_wconf 83' lang='lat' dir='ltr'>est,</span> <span class='ocrx_word' id='word_1_178' title='bbox 738 2617 777 2668; x_wconf 86' lang='lat' dir='ltr'>ut</span> <span class='ocrx_word' id='word_1_179' title='bbox 804 2621 862 2669; x_wconf 83' lang='lat' dir='ltr'>ear</span> <span class='ocrx_word' id='word_1_180' title='bbox 894 2596 1109 2698; x_wconf 79' lang='lat' dir='ltr'>distinguere</span> <span class='ocrx_word' id='word_1_181' title='bbox 1140 2597 1292 2696; x_wconf 71' lang='lat' dir='ltr'>empsim</span> <span class='ocrx_word' id='word_1_182' title='bbox 1327 2621 1402 2673; x_wconf 88' lang='lat' dir='ltr'>non</span> <span class='ocrx_word' id='word_1_183' title='bbox 1431 2594 1594 2672; x_wconf 69' lang='lat' dir='ltr'>scmus:</span> <span class='ocrx_word' id='word_1_184' title='bbox 1625 2611 1761 2687; x_wconf 76' lang='lat' dir='ltr'>tumque</span> 
     </span>
     <span class='ocr_line' id='line_1_23' title="bbox 478 2691 1763 2797; baseline 0 -27"><span class='ocrx_word' id='word_1_185' title='bbox 478 2696 555 2797; x_wconf 86' lang='lat' dir='ltr'>post</span> <span class='ocrx_word' id='word_1_186' title='bbox 578 2693 677 2783; x_wconf 78' lang='lat' dir='ltr'>Iovis</span> <span class='ocrx_word' id='word_1_187' title='bbox 703 2695 873 2793; x_wconf 83' lang='lat' dir='ltr'>egressum</span> <span class='ocrx_word' id='word_1_188' title='bbox 900 2717 945 2768; x_wconf 81' lang='lat' dir='ltr'>ex</span> <span class='ocrx_word' id='word_1_189' title='bbox 973 2697 1080 2770; x_wconf 82' lang='lat' dir='ltr'>radiis</span> <span class='ocrx_word' id='word_1_190' title='bbox 1105 2695 1293 2774; x_wconf 86' lang='lat' dir='ltr'>Solaribut·</span> <span class='ocrx_word' id='word_1_191' title='bbox 1311 2695 1360 2771; x_wconf 80' lang='lat' dir='ltr'>iis</span> <span class='ocrx_word' id='word_1_192' title='bbox 1381 2694 1553 2795; x_wconf 66' lang='lat' dir='ltr'>invigilare</span> <span class='ocrx_word' id='word_1_193' title='bbox 1583 2691 1726 2791; x_wconf 71' lang='lat' dir='ltr'>pergeret</span> <span class='ocrx_word' id='word_1_194' title='bbox 1741 2695 1763 2772; x_wconf 69' lang='lat' dir='ltr'>It</span> 
     </span>
     <span class='ocr_line' id='line_1_24' title="bbox 478 2791 1761 2906; baseline -0.007 -37"><span class='ocrx_word' id='word_1_195' title='bbox 478 2817 535 2870; x_wconf 84' lang='lat' dir='ltr'>eat</span> <span class='ocrx_word' id='word_1_196' title='bbox 562 2791 706 2906; x_wconf 81' lang='lat' dir='ltr'>quidem</span> <span class='ocrx_word' id='word_1_197' title='bbox 734 2811 808 2865; x_wconf 88' lang='lat' dir='ltr'>oon</span> <span class='ocrx_word' id='word_1_198' title='bbox 832 2794 1231 2897; x_wconf 84' lang='lat' dir='ltr'>amplius&#39;tonspiearus</span> <span class='ocrx_word' id='word_1_199' title='bbox 1256 2795 1335 2890; x_wconf 80' lang='lat' dir='ltr'>esi,</span> <span class='ocrx_word' id='word_1_200' title='bbox 1359 2794 1442 2872; x_wconf 82' lang='lat' dir='ltr'>alias</span> <span class='ocrx_word' id='word_1_201' title='bbox 1463 2817 1574 2870; x_wconf 84' lang='lat' dir='ltr'>tameo</span> <span class='ocrx_word' id='word_1_202' title='bbox 1596 2809 1761 2865; x_wconf 79' lang='lat' dir='ltr'>noussen·</span> 
     </span>
     <span class='ocr_line' id='line_1_25' title="bbox 470 2911 1002 2978; baseline -0.006 -10"><span class='ocrx_word' id='word_1_203' title='bbox 470 2916 643 2978; x_wconf 71' lang='lat' dir='ltr'>notavit.</span> <span class='ocrx_word' id='word_1_204' title='bbox 996 2911 1002 2918; x_wconf 92' lang='grc'><em>·</em></span> 
     </span>
    </p>

    <p class='ocr_par' dir='ltr' id='par_1_8' title="bbox 472 2982 1825 4284">
     <span class='ocr_line' id='line_1_26' title="bbox 529 2982 1760 3097; baseline 0.006 -31"><span class='ocrx_word' id='word_1_205' title='bbox 529 2999 586 3066; x_wconf 84' lang='lat' dir='ltr'>Ac</span> <span class='ocrx_word' id='word_1_206' title='bbox 611 2988 807 3066; x_wconf 83' lang='lat' dir='ltr'>hodienum</span> <span class='ocrx_word' id='word_1_207' title='bbox 833 3017 956 3070; x_wconf 86' lang='lat' dir='ltr'>earum</span> <span class='ocrx_word' id='word_1_208' title='bbox 985 2996 1164 3072; x_wconf 78' lang='lat' dir='ltr'>nonnullo</span> <span class='ocrx_word' id='word_1_209' title='bbox 1198 2995 1279 3071; x_wconf 79' lang='lat' dir='ltr'>sant</span> <span class='ocrx_word' id='word_1_210' title='bbox 1305 2994 1499 3097; x_wconf 81' lang='lat' dir='ltr'>conspicua</span> <span class='ocrx_word' id='word_1_211' title='bbox 1517 3031 1534 3085; x_wconf 87' lang='lat'>‚·</span> <span class='ocrx_word' id='word_1_212' title='bbox 1563 3014 1662 3094; x_wconf 74' lang='lat' dir='ltr'>prope</span> <span class='ocrx_word' id='word_1_213' title='bbox 1679 2982 1760 3073; x_wconf 83' lang='lat' dir='ltr'>Jotit</span> 
     </span>
     <span class='ocr_line' id='line_1_27' title="bbox 476 3088 1825 3197; baseline 0.001 -29"><span class='ocrx_word' id='word_1_214' title='bbox 476 3109 641 3168; x_wconf 82' lang='lat' dir='ltr'>centrum</span> <span class='ocrx_word' id='word_1_215' title='bbox 669 3111 910 3184; x_wconf 82' lang='lat' dir='ltr'>transeuntes,</span> <span class='ocrx_word' id='word_1_216' title='bbox 938 3119 1151 3197; x_wconf 82' lang='lat' dir='ltr'>morumque</span> <span class='ocrx_word' id='word_1_217' title='bbox 1174 3095 1334 3197; x_wconf 78' lang='lat' dir='ltr'>antiquis</span> <span class='ocrx_word' id='word_1_218' title='bbox 1359 3093 1572 3169; x_wconf 75' lang='lat' dir='ltr'>velociorem</span> <span class='ocrx_word' id='word_1_219' title='bbox 1593 3088 1756 3169; x_wconf 72' lang='lat' dir='ltr'>nunes,</span> <span class='ocrx_word' id='word_1_220' title='bbox 1824 3163 1825 3178; x_wconf 69' lang='grc'>,</span> 
     </span>
     <span class='ocr_line' id='line_1_28' title="bbox 476 3184 1825 3290; baseline 0 -24"><span class='ocrx_word' id='word_1_221' title='bbox 476 3194 561 3267; x_wconf 86' lang='lat' dir='ltr'>dum</span> <span class='ocrx_word' id='word_1_222' title='bbox 590 3188 755 3290; x_wconf 84' lang='lat' dir='ltr'>periodus</span> <span class='ocrx_word' id='word_1_223' title='bbox 789 3213 910 3270; x_wconf 87' lang='lat' dir='ltr'>earum</span> <span class='ocrx_word' id='word_1_224' title='bbox 937 3193 1047 3270; x_wconf 85' lang='lat' dir='ltr'>modo</span> <span class='ocrx_word' id='word_1_225' title='bbox 1074 3207 1096 3290; x_wconf 86' lang='lat'>9&#39;</span> <span class='ocrx_word' id='word_1_226' title='bbox 1122 3194 1228 3272; x_wconf 76' lang='lat' dir='ltr'>noris</span> <span class='ocrx_word' id='word_1_227' title='bbox 1252 3199 1287 3269; x_wconf 73' lang='lat' dir='ltr'>dt</span> <span class='ocrx_word' id='word_1_228' title='bbox 1316 3215 1360 3288; x_wconf 71' lang='lat'>30</span> <span class='ocrx_word' id='word_1_229' title='bbox 1383 3192 1538 3276; x_wconf 78' lang='lat' dir='ltr'>minutis</span> <span class='ocrx_word' id='word_1_230' title='bbox 1554 3184 1756 3268; x_wconf 55' lang='lat' dir='ltr'>absoluturi</span> <span class='ocrx_word' id='word_1_231' title='bbox 1824 3187 1825 3258; x_wconf 83' lang='lat' dir='ltr'>l</span> 
     </span>
     <span class='ocr_line' id='line_1_29' title="bbox 477 3255 1760 3394; baseline -0.001 -33"><span class='ocrx_word' id='word_1_232' title='bbox 477 3296 601 3389; x_wconf 83' lang='lat' dir='ltr'>Atque</span> <span class='ocrx_word' id='word_1_233' title='bbox 628 3288 666 3359; x_wconf 90' lang='lat' dir='ltr'>in</span> <span class='ocrx_word' id='word_1_234' title='bbox 693 3311 820 3387; x_wconf 86' lang='lat' dir='ltr'>genere</span> <span class='ocrx_word' id='word_1_235' title='bbox 846 3295 991 3367; x_wconf 78' lang='lat' dir='ltr'>macula</span> <span class='ocrx_word' id='word_1_236' title='bbox 1018 3255 1173 3388; x_wconf 71' lang='lat' dir='ltr'>cundia,</span> <span class='ocrx_word' id='word_1_237' title='bbox 1225 3293 1438 3394; x_wconf 63' lang='lat' dir='ltr'>uupropius</span> <span class='ocrx_word' id='word_1_238' title='bbox 1458 3282 1760 3376; x_wconf 59' lang='lat' dir='ltr'>mntmnlovistu·</span> 
     </span>
     <span class='ocr_line' id='line_1_30' title="bbox 476 3392 1760 3493; baseline 0.006 -33"><span class='ocrx_word' id='word_1_239' title='bbox 476 3412 602 3489; x_wconf 89' lang='lat' dir='ltr'>parens</span> <span class='ocrx_word' id='word_1_240' title='bbox 627 3407 835 3475; x_wconf 85' lang='lat' dir='ltr'>transeunt,</span> <span class='ocrx_word' id='word_1_241' title='bbox 862 3411 965 3464; x_wconf 89' lang='lat' dir='ltr'>motu</span> <span class='ocrx_word' id='word_1_242' title='bbox 982 3392 1154 3468; x_wconf 77' lang='lat' dir='ltr'>celeriore</span> <span class='ocrx_word' id='word_1_243' title='bbox 1170 3419 1219 3492; x_wconf 89' lang='lat' dir='ltr'>po</span> <span class='ocrx_word' id='word_1_244' title='bbox 1266 3415 1461 3493; x_wconf 69' lang='lat' dir='ltr'>nt‚,qunm</span> <span class='ocrx_word' id='word_1_245' title='bbox 1489 3392 1576 3483; x_wconf 67' lang='lat' dir='ltr'>illa,</span> <span class='ocrx_word' id='word_1_246' title='bbox 1597 3402 1760 3488; x_wconf 64' lang='lat' dir='ltr'>quww·</span> 
     </span>
     <span class='ocr_line' id='line_1_31' title="bbox 476 3480 1758 3596; baseline 0.008 -35"><span class='ocrx_word' id='word_1_247' title='bbox 476 3486 565 3562; x_wconf 83' lang='lat' dir='ltr'>riori</span> <span class='ocrx_word' id='word_1_248' title='bbox 593 3484 786 3558; x_wconf 89' lang='lat' dir='ltr'>intervallo</span> <span class='ocrx_word' id='word_1_249' title='bbox 811 3484 900 3562; x_wconf 93' lang='lat' dir='ltr'>illud</span> <span class='ocrx_word' id='word_1_250' title='bbox 928 3490 1253 3587; x_wconf 82' lang='lat' dir='ltr'>pratervebuntur·.</span> <span class='ocrx_word' id='word_1_251' title='bbox 1281 3491 1412 3592; x_wconf 71' lang='lat' dir='ltr'>Neque·</span> <span class='ocrx_word' id='word_1_252' title='bbox 1427 3491 1620 3596; x_wconf 77' lang='lat' dir='ltr'>putandum</span> <span class='ocrx_word' id='word_1_253' title='bbox 1639 3480 1698 3572; x_wconf 54' lang='lat' dir='ltr'>&amp;stt</span> <span class='ocrx_word' id='word_1_254' title='bbox 1715 3499 1758 3551; x_wconf 62' lang='lat' dir='ltr'>ll·</span> 
     </span>
     <span class='ocr_line' id='line_1_32' title="bbox 474 3582 1757 3690; baseline 0.002 -32"><span class='ocrx_word' id='word_1_255' title='bbox 474 3583 634 3659; x_wconf 86' lang='lat' dir='ltr'>locitatis</span> <span class='ocrx_word' id='word_1_256' title='bbox 661 3583 789 3658; x_wconf 87' lang='lat' dir='ltr'>hatum</span> <span class='ocrx_word' id='word_1_257' title='bbox 816 3589 1037 3665; x_wconf 88' lang='lat' dir='ltr'>macularum</span> <span class='ocrx_word' id='word_1_258' title='bbox 1063 3585 1341 3690; x_wconf 73' lang='lat' dir='ltr'>inaquositatem</span> <span class='ocrx_word' id='word_1_259' title='bbox 1367 3588 1568 3690; x_wconf 79' lang='lat' dir='ltr'>dependere</span> <span class='ocrx_word' id='word_1_260' title='bbox 1590 3582 1757 3677; x_wconf 64' lang='lat' dir='ltr'>sbimqffl·</span> 
     </span>
     <span class='ocr_line' id='line_1_33' title="bbox 475 3673 1757 3789; baseline 0.001 -33"><span class='ocrx_word' id='word_1_261' title='bbox 475 3683 579 3756; x_wconf 89' lang='lat' dir='ltr'>litate</span> <span class='ocrx_word' id='word_1_262' title='bbox 606 3681 761 3781; x_wconf 91' lang='lat' dir='ltr'>ipsarum</span> <span class='ocrx_word' id='word_1_263' title='bbox 788 3683 960 3761; x_wconf 78' lang='lat' dir='ltr'>distantia</span> <span class='ocrx_word' id='word_1_264' title='bbox 988 3689 1147 3789; x_wconf 71' lang='lat' dir='ltr'>respeilu</span> <span class='ocrx_word' id='word_1_265' title='bbox 1172 3688 1288 3763; x_wconf 86' lang='lat' dir='ltr'>centri</span> <span class='ocrx_word' id='word_1_266' title='bbox 1305 3688 1406 3777; x_wconf 88' lang='lat' dir='ltr'>Jovis</span> <span class='ocrx_word' id='word_1_267' title='bbox 1431 3717 1450 3763; x_wconf 92' lang='lat' dir='ltr'>e</span> <span class='ocrx_word' id='word_1_268' title='bbox 1478 3713 1578 3766; x_wconf 85' lang='lat' dir='ltr'>terra</span> <span class='ocrx_word' id='word_1_269' title='bbox 1602 3681 1673 3759; x_wconf 85' lang='lat' dir='ltr'>visi:</span> <span class='ocrx_word' id='word_1_270' title='bbox 1694 3673 1757 3785; x_wconf 64' lang='lat' dir='ltr'>quin</span> 
     </span>
     <span class='ocr_line' id='line_1_34' title="bbox 475 3782 1756 3889; baseline -0.002 -34"><span class='ocrx_word' id='word_1_271' title='bbox 475 3782 595 3883; x_wconf 88' lang='lat' dir='ltr'>potius</span> <span class='ocrx_word' id='word_1_272' title='bbox 621 3782 823 3858; x_wconf 90' lang='lat' dir='ltr'>deducenda</span> <span class='ocrx_word' id='word_1_273' title='bbox 858 3783 907 3858; x_wconf 87' lang='lat' dir='ltr'>esl</span> <span class='ocrx_word' id='word_1_274' title='bbox 933 3787 978 3861; x_wconf 90' lang='lat' dir='ltr'>ab</span> <span class='ocrx_word' id='word_1_275' title='bbox 1004 3787 1168 3889; x_wconf 80' lang='lat' dir='ltr'>inaequali</span> <span class='ocrx_word' id='word_1_276' title='bbox 1203 3813 1326 3863; x_wconf 89' lang='lat' dir='ltr'>earum</span> <span class='ocrx_word' id='word_1_277' title='bbox 1352 3785 1520 3867; x_wconf 80' lang='lat' dir='ltr'>distantia</span> <span class='ocrx_word' id='word_1_278' title='bbox 1557 3782 1675 3861; x_wconf 90' lang='lat' dir='ltr'>intuitu</span> <span class='ocrx_word' id='word_1_279' title='bbox 1692 3797 1756 3869; x_wconf 63' lang='lat' dir='ltr'>etur</span> 
     </span>
     <span class='ocr_line' id='line_1_35' title="bbox 475 3880 1758 3989; baseline 0.001 -33"><span class='ocrx_word' id='word_1_280' title='bbox 475 3885 555 3957; x_wconf 89' lang='lat' dir='ltr'>dem</span> <span class='ocrx_word' id='word_1_281' title='bbox 584 3880 743 3955; x_wconf 86' lang='lat' dir='ltr'>ceutria</span> <span class='ocrx_word' id='word_1_282' title='bbox 769 3884 850 3954; x_wconf 90' lang='lat' dir='ltr'>Sole</span> <span class='ocrx_word' id='word_1_283' title='bbox 876 3886 1102 3978; x_wconf 85' lang='lat' dir='ltr'>collustrari,</span> <span class='ocrx_word' id='word_1_284' title='bbox 1163 3886 1199 3960; x_wconf 92' lang='lat' dir='ltr'>ui</span> <span class='ocrx_word' id='word_1_285' title='bbox 1224 3911 1353 3987; x_wconf 87' lang='lat' dir='ltr'>nempe</span> <span class='ocrx_word' id='word_1_286' title='bbox 1379 3884 1515 3989; x_wconf 85' lang='lat' dir='ltr'>aliquid</span> <span class='ocrx_word' id='word_1_287' title='bbox 1546 3882 1676 3960; x_wconf 84' lang='lat' dir='ltr'>sorfitau</span> <span class='ocrx_word' id='word_1_288' title='bbox 1697 3896 1758 3947; x_wconf 63' lang='lat' dir='ltr'>con·</span> 
     </span>
     <span class='ocr_line' id='line_1_36' title="bbox 472 3913 1763 4092; baseline 0.003 -38"><span class='ocrx_word' id='word_1_289' title='bbox 472 3978 614 4092; x_wconf 74' lang='lat' dir='ltr'>{ettad</span> <span class='ocrx_word' id='word_1_290' title='bbox 644 4002 781 4052; x_wconf 87' lang='lat' dir='ltr'>motum</span> <span class='ocrx_word' id='word_1_291' title='bbox 810 3980 1017 4059; x_wconf 88' lang='lat' dir='ltr'>citatiorem</span> <span class='ocrx_word' id='word_1_292' title='bbox 1046 3913 1310 4072; x_wconf 82' lang='lat' dir='ltr'>conciliandum</span> <span class='ocrx_word' id='word_1_293' title='bbox 1345 3984 1389 4059; x_wconf 90' lang='lat' dir='ltr'>iis</span> <span class='ocrx_word' id='word_1_294' title='bbox 1414 3986 1567 4062; x_wconf 85' lang='lat' dir='ltr'>maculis</span> <span class='ocrx_word' id='word_1_295' title='bbox 1594 4038 1606 4076; x_wconf 92' lang='lat'><strong>,</strong></span> <span class='ocrx_word' id='word_1_296' title='bbox 1639 4001 1698 4080; x_wconf 71' lang='lat' dir='ltr'>qut</span> <span class='ocrx_word' id='word_1_297' title='bbox 1715 3964 1763 4069; x_wconf 66' lang='lat' dir='ltr'>llll</span> 
     </span>
     <span class='ocr_line' id='line_1_37' title="bbox 473 4075 1769 4284; baseline -0.006 -26"><span class='ocrx_word' id='word_1_298' title='bbox 473 4104 586 4258; x_wconf 66' lang='lat' dir='ltr'>sn?</span> <span class='ocrx_word' id='word_1_299' title='bbox 604 4075 1589 4284; x_wconf 52' lang='lat' dir='ltr'>rsds‘ftfslnslls‘lntimfspsslll.233¹:</span> <span class='ocrx_word' id='word_1_300' title='bbox 1614 4076 1769 4252; x_wconf 65' lang='lat' dir='ltr'>‘iiiii</span> 
     </span>
    </p>

    <p class='ocr_par' dir='ltr' id='par_1_9' title="bbox 473 4233 1825 4770">
     <span class='ocr_line' id='line_1_38' title="bbox 1597 4233 1610 4273; baseline 0 0"><span class='ocrx_word' id='word_1_301' title='bbox 1597 4233 1610 4273; x_wconf 70' lang='lat'>5</span> 
     </span>
     <span class='ocr_line' id='line_1_39' title="bbox 474 4272 1773 4381; baseline -0.007 -33"><span class='ocrx_word' id='word_1_302' title='bbox 474 4300 662 4373; x_wconf 85' lang='lat' dir='ltr'>perparum</span> <span class='ocrx_word' id='word_1_303' title='bbox 688 4302 709 4349; x_wconf 89' lang='lat' dir='ltr'>a</span> <span class='ocrx_word' id='word_1_304' title='bbox 735 4272 850 4349; x_wconf 84' lang='lat' dir='ltr'>fasciis</span> <span class='ocrx_word' id='word_1_305' title='bbox 876 4279 976 4364; x_wconf 85' lang='lat' dir='ltr'>Jovis</span> <span class='ocrx_word' id='word_1_306' title='bbox 1002 4281 1225 4375; x_wconf 86' lang='lat' dir='ltr'>declinante,</span> <span class='ocrx_word' id='word_1_307' title='bbox 1251 4307 1292 4356; x_wconf 91' lang='lat' dir='ltr'>ac</span> <span class='ocrx_word' id='word_1_308' title='bbox 1362 4310 1381 4358; x_wconf 95' lang='lat' dir='ltr'>r</span> <span class='ocrx_word' id='word_1_309' title='bbox 1407 4281 1482 4381; x_wconf 89' lang='lat' dir='ltr'>ejus</span> <span class='ocrx_word' id='word_1_310' title='bbox 1508 4303 1674 4360; x_wconf 88' lang='lat' dir='ltr'>centrum</span> <span class='ocrx_word' id='word_1_311' title='bbox 1692 4300 1708 4347; x_wconf 93' lang='lat' dir='ltr'>e</span> <span class='ocrx_word' id='word_1_312' title='bbox 1723 4291 1773 4343; x_wconf 88' lang='lat' dir='ltr'>ter·</span> 
     </span>
     <span class='ocr_line' id='line_1_40' title="bbox 473 4372 1775 4481; baseline 0.005 -35"><span class='ocrx_word' id='word_1_313' title='bbox 473 4374 522 4446; x_wconf 88' lang='lat' dir='ltr'>ris</span> <span class='ocrx_word' id='word_1_314' title='bbox 549 4372 665 4447; x_wconf 90' lang='lat' dir='ltr'>visum</span> <span class='ocrx_word' id='word_1_315' title='bbox 693 4396 931 4463; x_wconf 80' lang='lat' dir='ltr'>transeunte3</span> <span class='ocrx_word' id='word_1_316' title='bbox 958 4381 1069 4455; x_wconf 86' lang='lat' dir='ltr'>modo</span> <span class='ocrx_word' id='word_1_317' title='bbox 1095 4379 1132 4455; x_wconf 92' lang='lat' dir='ltr'>su</span> <span class='ocrx_word' id='word_1_318' title='bbox 1158 4406 1197 4460; x_wconf 86' lang='lat' dir='ltr'>er</span> <span class='ocrx_word' id='word_1_319' title='bbox 1223 4380 1334 4481; x_wconf 88' lang='lat' dir='ltr'>ellipt</span> <span class='ocrx_word' id='word_1_320' title='bbox 1387 4383 1515 4458; x_wconf 84' lang='lat' dir='ltr'>uadam</span> <span class='ocrx_word' id='word_1_321' title='bbox 1541 4379 1657 4460; x_wconf 79' lang='lat' dir='ltr'>fasciis</span> <span class='ocrx_word' id='word_1_322' title='bbox 1680 4392 1775 4479; x_wconf 83' lang='lat' dir='ltr'>propt·</span> 
     </span>
     <span class='ocr_line' id='line_1_41' title="bbox 474 4407 1776 4587; baseline 0.007 -41"><span class='ocrx_word' id='word_1_323' title='bbox 474 4469 622 4586; x_wconf 77' lang='lat' dir='ltr'>modum</span> <span class='ocrx_word' id='word_1_324' title='bbox 650 4473 817 4587; x_wconf 75' lang='lat' dir='ltr'>parallela</span> <span class='ocrx_word' id='word_1_325' title='bbox 840 4474 876 4546; x_wconf 76' lang='grc' dir='ltr'>ἃ</span> <span class='ocrx_word' id='word_1_326' title='bbox 904 4476 1007 4549; x_wconf 86' lang='lat' dir='ltr'>valde</span> <span class='ocrx_word' id='word_1_327' title='bbox 1035 4407 1201 4577; x_wconf 71' lang='lat' dir='ltr'>angula,</span> <span class='ocrx_word' id='word_1_328' title='bbox 1228 4479 1326 4575; x_wconf 89' lang='lat' dir='ltr'>cujus</span> <span class='ocrx_word' id='word_1_329' title='bbox 1351 4407 1517 4558; x_wconf 71' lang='lat' dir='ltr'>tillantia</span> <span class='ocrx_word' id='word_1_330' title='bbox 1545 4510 1567 4558; x_wconf 89' lang='lat' dir='ltr'>a</span> <span class='ocrx_word' id='word_1_331' title='bbox 1593 4473 1776 4584; x_wconf 49' lang='lat' dir='ltr'>centul&amp;</span> 
     </span>
     <span class='ocr_line' id='line_1_42' title="bbox 473 4563 1825 4690; baseline 0.006 -47"><span class='ocrx_word' id='word_1_332' title='bbox 473 4596 529 4643; x_wconf 85' lang='lat' dir='ltr'>vts</span> <span class='ocrx_word' id='word_1_333' title='bbox 548 4598 575 4683; x_wconf 33' lang='lat' dir='ltr'>‘e</span> <span class='ocrx_word' id='word_1_334' title='bbox 602 4594 708 4644; x_wconf 79' lang='lat' dir='ltr'>terris</span> <span class='ocrx_word' id='word_1_335' title='bbox 733 4570 891 4670; x_wconf 71' lang='lat' dir='ltr'>speslaro</span> <span class='ocrx_word' id='word_1_336' title='bbox 919 4599 1008 4673; x_wconf 91' lang='lat' dir='ltr'>pene</span> <span class='ocrx_word' id='word_1_337' title='bbox 1034 4575 1327 4690; x_wconf 70' lang='lat' dir='ltr'>imperceptibilis</span> <span class='ocrx_word' id='word_1_338' title='bbox 1353 4577 1421 4654; x_wconf 83' lang='lat' dir='ltr'>est.</span> <span class='ocrx_word' id='word_1_339' title='bbox 1450 4582 1625 4656; x_wconf 75' lang='lat' dir='ltr'>Praeterea</span> <span class='ocrx_word' id='word_1_340' title='bbox 1650 4577 1697 4650; x_wconf 77' lang='lat' dir='ltr'>ha</span> <span class='ocrx_word' id='word_1_341' title='bbox 1717 4563 1778 4671; x_wconf 63' lang='lat' dir='ltr'>rpsss</span> <span class='ocrx_word' id='word_1_342' title='bbox 1824 4581 1825 4638; x_wconf 80' lang='lat' dir='ltr'>l</span> 
     </span>
     <span class='ocr_line' id='line_1_43' title="bbox 474 4666 1781 4770; baseline -0.002 -26"><span class='ocrx_word' id='word_1_343' title='bbox 474 4675 575 4756; x_wconf 85' lang='lat' dir='ltr'>Jovrs</span> <span class='ocrx_word' id='word_1_344' title='bbox 600 4668 777 4760; x_wconf 81' lang='lat' dir='ltr'>macula,</span> <span class='ocrx_word' id='word_1_345' title='bbox 808 4696 884 4770; x_wconf 86' lang='lat' dir='ltr'>quae</span> <span class='ocrx_word' id='word_1_346' title='bbox 919 4697 1059 4748; x_wconf 85' lang='lat' dir='ltr'>morum</span> <span class='ocrx_word' id='word_1_347' title='bbox 1094 4699 1229 4753; x_wconf 77' lang='lat' dir='ltr'>caeteris</span> <span class='ocrx_word' id='word_1_348' title='bbox 1264 4676 1483 4753; x_wconf 88' lang='lat' dir='ltr'>velociorem</span> <span class='ocrx_word' id='word_1_349' title='bbox 1509 4674 1674 4768; x_wconf 86' lang='lat' dir='ltr'>habeut,</span> <span class='ocrx_word' id='word_1_350' title='bbox 1702 4666 1781 4746; x_wconf 82' lang='lat' dir='ltr'>valde</span> 
     </span>
    </p>

    <p class='ocr_par' dir='ltr' id='par_1_10' title="bbox 1645 4797 1825 4848">
     <span class='ocr_line' id='line_1_44' title="bbox 1645 4797 1825 4848; baseline -0.028 0"><span class='ocrx_word' id='word_1_351' title='bbox 1645 4797 1743 4848; x_wconf 83' lang='lat' dir='ltr'>etun</span> <span class='ocrx_word' id='word_1_352' title='bbox 1824 4823 1825 4836; x_wconf 46' lang='lat' dir='ltr'>r</span> 
     </span>
    </p>
   </div>
   <div class='ocr_carea' id='block_1_5' title="bbox 0 0 1896 5459">
    <p class='ocr_par' dir='ltr' id='par_1_11' title="bbox 0 0 1896 5459">
     <span class='ocr_line' id='line_1_45' title="bbox 0 0 1896 5459; baseline 0 0"><span class='ocrx_word' id='word_1_353' title='bbox 0 0 1896 5459; x_wconf 95' lang='lat' dir='ltr'> </span> 
     </span>
    </p>
   </div>
  </div>
 </body>
</html>
