3784 5459
302 521 394 584 Tomi
414 522 442 586 1.
465 506 603 609 pendis
622 493 705 579 inde
723 500 881 578 materiis
900 521 978 572 tum
995 491 1141 595 quidem
1159 488 1338 590 parciores
1351 489 1485 566 fuimus
1504 489 1689 592 ,partim
1704 492 1800 600 qnod·

303 600 455 743 supplem·
484 606 653 682 continue
681 602 936 705 prodeuntium
963 617 1145 669 novorum
1172 589 1349 666 librorum
1373 591 1523 666 cumulo
1550 619 1768 694 urgeremur
1781 629 1799 696 ,·

306 679 342 739 Sc
373 682 437 746 'V‘
484 706 608 809 quine
626 705 762 777 interea
780 757 790 793 ,
817 702 902 776 dum
929 694 1002 781 illis
1027 686 1248 768 recensendis
1264 689 1568 781 immoraremur,
1595 697 1797 773 veterasce·-

320 795 339 855 ·'
486 829 589 895 rent,
617 802 812 904 periculum
830 821 934 884 erat3
964 790 1095 892 partim
1112 787 1218 892 ‘quod
1244 788 1442 864 extiturum
1457 791 1714 891 speraremus,
1738 803 1787 902 qui

486 906 667 1002 integrum
687 902 773 977 illud
791 893 1095 974 Transadlionum
1113 914 1201 989 opus
1224 888 1436 990 ingratiam
1458 890 1560 964 orbis
1574 894 1716 969 eruditi
1731 902 1792 974 ba·

488 1004 545 1078 tio
561 1005 730 1091 donaret,
757 999 811 1073 uti
831 995 977 1073 antehac
995 990 1102 1092 ulque
1121 988 1164 1063 ad
1177 991 1329 1086 Mensem
1345 990 1564 1062 Februarium
1578 997 1685 1065 Anni
1706 1012 1781 1088 1⁶71

487 1101 621 1177 labium
639 1098 707 1172 luit
725 1132 735 1173 :
761 1124 855 1171 nunc
873 1093 1026 1192 utique,
1051 1088 1234 1190 postquam
1263 1088 1298 1164 &
1316 1085 1408 1162 hanc
1425 1088 1582 1165 nostram
1608 1091 1712 1192 spem
1736 1124 1785 1173 ua·

488 1226 573 1276 nam
590 1198 765 1299 hucusque
782 1196 882 1269 inille
901 1192 1087 1279 videmus,
1105 1190 1140 1261 δι
1158 1185 1214 1259 isti
1228 1184 1462 1300 incommodo
1480 1215 1544 1287 per
1558 1194 1786 1292 Supplernen,

490 1323 612 1373 torum
631 1296 758 1369 horum
777 1293 973 1368 editionem
994 1287 1128 1362 mederi
1147 1311 1339 1384 ecepimus,
1366 1285 1459 1364 haud
1475 1288 1724 1368 inconsultum
1741 1298 1783 1372 fo

489 1425 528 1472 re
544 1395 786 1486 credidimus⁸,
810 1392 834 1468 fi
860 1390 1108 1487 Philosophiam
1125 1385 1201 1458 illas
1217 1385 1434 1458 cirleerienes
1458 1409 1564 1487 atque
1583 1395 1786 1471 Transailie·

490 1509 568 1587 ires,
593 1495 675 1570 inde
693 1496 735 1569 ab
753 1520 796 1569 eo
816 1516 998 1593 tempore,
1023 1513 1096 1587 quo
1113 1481 1344 1560 Abla'nostra
1361 1510 1571 1585 creperunt,
1598 1492 1780 1590 publicatas

491 1595 609 1669 denuo
627 1587 939 1696 percurreremus,
967 1614 1011 1661 ex
1038 1585 1149 1686 iisque
1178 1607 1284 1657 unam
1308 1584 1507 1659 alteramve
1526 1593 1715 1668 materiam
1737 1595 1782 1694 ju·

490 1692 644 1768 tundam
671 1717 731 1767 aut
751 1689 976 1795 proficuam,
1000 1709 1078 1759 tum
1106 1681 1250 1784 quidem
1277 1708 1297 1756 a
1315 1683 1417 1757 nobis
1432 1685 1479 1757 ob
1497 1685 1611 1763 dietas
1637 1693 1783 1770 rationes

486 1792 787 1896 praetermissam,
814 1789 926 1865 adhuc
952 1782 1214 1885 Supplementis
1242 1779 1335 1855 hisee
1360 1782 1569 1883 ingratiam
1594 1793 1782 1872 leblorutn

489 1891 646 1990 Anglice
673 1918 746 1965 non
764 1887 973 1965 callentium
994 1884 1250 1958 insereremus.
1277 1881 1375 1956 Huic
1392 1882 1513 1985 itaque
1528 1889 1716 1992 propolim
1731 1895 1783 1970 in,

485 1987 639 2064 sistentes
665 1989 737 2091 jam
765 1985 969 2066 exhibemus
1498 2005 1501 2010 ’

483 2190 894 2323 courrurn
923 2186 1311 2294 mscunsus
1339 2152 1779 2328 Macnnurm,

458 2485 479 2491 Μ
526 2389 822 2477 Concernentis
847 2384 1172 2501 Descriptionem
1200 2385 1362 2498 optima
1386 2384 1524 2496 fornae
1556 2389 1747 2481 Velorum
1772 2437 1778 2454 ·

488 2495 490 2502 ‚
530 2529 533 2535 ’
757 2507 1087 2597 Horizontaliunt
1103 2533 1177 2620 pro
1196 2501 1268 2588 usu
1285 2505 1521 2615 Molarum,
1769 2511 1774 2521 '

490 2699 495 2711 ·
532 2661 698 2737 Necnon
724 2663 998 2740 fundamentum
1024 2659 1280 2736 inclinatorum
1299 2663 1474 2739 Veiorum
1501 2666 1539 2742 in
1555 2658 1743 2763 Navibtre3

732 2801 847 2879 habiti
873 2802 997 2878 corani
1023 2798 1202 2874 Societate
1219 2798 1359 2902 Regia,
1379 2829 1399 2878 a
1419 2806 1465 2879 R.
1484 2808 1537 2879 H.
1774 2792 1779 2801 ’

553 309 648 435 '3322
816 283 1145 388 Acron.
1199 272 1513 379 Eunu:

304 2995 362 3024 ·“
488 2939 1785 3091 Teanumexcuuuionibusrhiusophiei'sruDec.1681·.m.3.pag.6i

553 3178 666 3255 ·Aria
682 3179 827 3259 subinde
846 3183 943 3258 fasta
957 3181 1038 3256 lunt
1056 3182 1259 3257 tentamina
1272 3181 1366 3256 eirca
1385 3179 1677 3262 constrnaionem
1693 3193 1785 3264 Mos

539 3307 542 3314 ⁴
596 3278 713 3354 lasum
738 3283 821 3362 Alis
848 3280 1175 3373 Horizontalibus,
1199 3281 1283 3357 dum
1311 3280 1476 3355 creditum
1489 3282 1592 3376 fuir,
1618 3312 1687 3361 eas
1711 3315 1783 3364 non

486 3372 597 3448 modo
615 3380 727 3479 magis
746 3382 940 3483 appositas,
967 3379 1023 3455 sed
1052 3379 1087 3451 8<
1105 3383 1327 3480 potentiores
1342 3380 1605 3457 &efficaciores
1632 3384 1721 3484 fore
1742 3388 1781 3466 ad

488 3471 719 3571 praestandum
742 3506 807 3572 ea,
827 3483 954 3583 quibus
971 3477 1147 3554 destinatae
1163 3479 1300 3570 ellent,
1327 3505 1433 3581 quam
1449 3479 1592 3581 quidem
1615 3485 1695 3560 Alae
1716 3514 1783 3589 per·

369 3595 380 3613 ·
401 3575 471 3639 2⁴7·
486 3574 744 3669 penditulares.
763 3580 946 3682 Quicquid
963 3579 1084 3676 landen
1102 3577 1144 3652 d'e
1163 3575 1389 3652 iis'holnines
1406 3580 1675 3681 imaginentur,
1695 3586 1783 3688 equi·

486 3670 566 3745 dem
583 3674 738 3770 dubito,
766 3705 920 3793 unquam
948 3703 1128 3778 repertum
1153 3677 1200 3752 iri
1228 3678 1376 3753 modum
1395 3681 1584 3756 meliorem
1610 3685 1646 3757 &
1672 3686 1778 3786 magis

324 3801 343 3830 a
364 3823 370 3829 -
395 3799 407 3815 ²
430 3787 435 3798 ’
484 3763 688 3869 proficuum
705 3776 748 3852 ad
764 3777 1005 3879 reerpiend'am
1023 3777 1099 3851 vim
1118 3778 1300 3853 venti'aut
1317 3778 1521 3854 nsotionem
1538 3782 1648 3873 aeris,
1674 3793 1783 3881 quam

482 3868 562 3946 uela
588 3876 918 3973 perpendicularis,
944 3876 970 3949 u
995 3874 1220 3974 justaforma
1245 3877 1451 3979 gaudeant,
1478 3879 1531 3954 ita
1557 3904 1596 3958 ut
1619 3884 1779 3983 quaelibet

481 3992 608 4044 eorum
636 3998 714 4074 pars
741 3977 921 4076 aqualiter
947 3999 1097 4051 uentum
1125 3975 1303 4068 hauriat,
1334 3978 1638 4078 quemadmodum
1668 3982 1780 4083 polles
1865 4053 1866 4064 ,

480 4065 682 4147 ostendam.
798 4123 803 4132 .
1181 4145 1183 4150 .
1309 4090 1311 4094 '

531 4170 633 4246 Prius
652 4198 770 4251 autem
791 4176 913 4269 ,dum
939 4174 1051 4253 video
1063 4179 1220 4255 diversos
1238 4183 1428 4258 noviffime
1443 4181 1694 4260 hormonrales
1718 4184 1778 4260 alas
1865 4247 1866 4260 ,

478 4291 548 4367 pro
563 4273 779 4352 molendinis
798 4278 969 4366 tentalle,
992 4279 1142 4354 modum.
1157 4306 1334 4381 exponam
1353 4282 1599 4359 horizonralia
1617 4281 1779 4385 ejusmodi
1865 4289 1866 4300 ’

477 4367 556 4442 uela
574 4374 752 4470 parandi,
777 4378 980 4477 quaeetiam
1001 4401 1146 4455 tantum
1188 4379 1321 4455 raellare
1340 4407 1506 4482 queant,
1561 4410 1713 4459 uantum
1738 4407 1781 4456 ur

476 4483 584 4565 quam
605 4472 695 4546 velis
716 4477 888 4576 aqualem
904 4474 1147 4553 extensionem
1215 4478 1379 4554 bentibus
1396 4480 1438 4554 fit
1456 4509 1519 4581 po
1570 4484 1648 4560 ile.
1678 4480 1778 4596 Equi·

476 4566 556 4637 dem
575 4567 632 4642 hic
652 4572 796 4647 Lestori
824 4596 898 4647 non
913 4600 980 4647 ero
994 4576 1161 4649 molestus
1187 4577 1403 4654 recensendo
1421 4580 1538 4656 eidem
1556 4584 1691 4662 'varias
1716 4584 1781 4656 tllas

476 4661 580 4755 vias,
607 4693 695 4769 quas
720 4672 765 4748 ad
790 4670 1048 4774 perficiendum
1074 4677 1143 4752 hoc
1161 4677 1346 4777 negotium
1375 4679 1469 4757 inire
1494 4681 1651 4762 subinde
1678 4681 1780 4756 silum

1658 4784 1745 4871 fuit,
