3784 5459
506 293 572 400 70
811 262 1273 408 ·A²crn

265 474 429 618 qil-Edu!-
449 477 518 572 rit,
543 510 644 583 eoque
660 486 789 581 semper
805 481 934 569 majus,
961 487 1026 575 q'teo
1043 480 1150 567 major
1165 477 1212 567 est
1226 477 1541 576 diameterpessilli,
1567 480 1626 554 eui
1654 501 1757 556 armo·

266 553 430 716 M'J‘geff'
443 579 760 695 spbaeraer'neurnbit.
785 582 892 693 Quem
910 578 1005 673 usum
1020 578 1178 653 machine
1187 581 1424 698 pneumatice,
1450 605 1524 694 cem
1541 583 1585 651 ab
1608 582 1687 654 aliis
1703 582 1758 653 ob·

441 682 617 793 servatum
628 679 731 773 furffe
746 680 840 752 nobes
855 704 918 752 nen
933 676 1078 768 constet,
1104 677 1169 751 bae
1184 677 1345 766 occasione
1359 679 1464 753 obsecr
1477 682 1682 754 annuendum
1698 683 1764 753 du·

449 804 577 854 mmet.

445 973 1758 1038 wmfflmmmwmm

267 1240 413 1309 mo,
484 1133 1108 1294 commonuimus
1148 1133 1424 1244 ennom
1464 1073 1727 1243 ramur

263 1321 335 1406 ΡΨ
357 1340 423 1405 ⁵5⁷·
623 1365 672 1444 In
698 1359 923 1471 Antiquom
955 1360 1268 1445 Monumentum
1298 1355 1577 1445 Marcelline.

371 1612 375 1617 ·
520 1577 716 1683 Patavii,
744 1608 792 1661 ex
809 1551 1070 1695 typographia
1088 1575 1325 1681 seminarii,
1354 1578 1408 1660 A.
1429 1574 1555 1662 1688.
1576 1571 1621 1659 in
1635 1604 1683 1682 4·‘

448 1767 741 1934 TRiennium
769 1766 918 1844 necdum
946 1767 1127 1870 integrum
1154 1765 1311 1857 effluxit,
1337 1789 1418 1840 cum
1434 1765 1518 1842 Viri
1535 1762 1755 1857 Clarissimi,

563 1867 882 1968 &antiquitatum
917 1867 1024 1974 longe
1049 1863 1313 1955 studiosissimi,
1350 1864 1476 1939 Caroli
1504 1863 1624 1939 Parioi
1658 1888 1759 1936 com·

444 1966 660 2043 mentorium
676 1966 715 2040 in
734 1989 804 2041 tres
821 1965 1076 2067 Inscriptio'ues
1092 1970 1252 2058 Graecas,
1278 1989 1354 2064 quae
1379 1967 1530 2059 Smyrna
1548 1962 1758 2036 allatarum

449 2066 554 2164 paulo
582 2088 664 2139 ante
690 2063 860 2155 fuerant,
885 2064 1063 2155 breviter,
1090 2086 1129 2136 ut
1153 2063 1323 2153 solemus,
1348 2060 1610 2136 &summatim
1637 2084 1761 2133 recen·

448 2162 631 2240 ser‘emus.
667 2160 873 2239 Recensttus
904 2186 1023 2236 autem
1051 2161 1080 2234 is
1105 2159 1173 2234 suit
1201 2161 1238 2234 in
1265 2159 1371 2234 Aelia
1396 2159 1519 2233 mensis
1544 2155 1762 2234 Decembris

265 2257 493 2339 (odiebam,
521 2271 623 2354 1685.
652 2269 778 2358 P·5⁸¹·
804 2262 840 2333 ἃ
858 2259 952 2358 seqq.
981 2258 1039 2333 ubi
1056 2259 1266 2356 Tryphaena
1293 2256 1513 2356 potiffimum
1539 2260 1759 2331 Monumen·
1877 2247 1878 2270 l

449 2382 549 2448 tum,
577 2380 749 2454 tanquam
775 2357 910 2430 ceteris
936 2355 1048 2451 magis
1072 2355 1257 2443 notabile,
1284 2374 1358 2426 tam
1385 2380 1405 2427 a
1433 2356 1561 2428 Patino
1585 2353 1658 2449 jam
1684 2354 1758 2430 lau·

448 2454 554 2544 dato,
581 2477 688 2553 quam
715 2479 734 2525 a
761 2452 862 2526 nobis
878 2476 1022 2551 quoque
1041 2475 1086 2522 ex
1105 2473 1223 2550 parte,
1250 2449 1446 2550 expostum
1463 2451 1759 2551 deprehenditur.

447 2550 725 2627 Commentario
751 2549 807 2622 isti
834 2575 928 2622 nunc
955 2546 1064 2623 aliurn
1082 2547 1684 2623 commentariumsubmittit·idem
1703 2553 1760 2626 in·

451 2648 598 2726 defessus
616 2647 873 2761 antiquitatum
889 2646 1066 2720 scrutator
1083 2648 1250 2738 Petinus,
1275 2646 1311 2721 iu
1330 2646 1516 2748 antiquum
1535 2650 1761 2721 Monumen-

452 2773 531 2823 tum
548 2747 804 2838 Marcellrnae,
839 2745 966 2821 uod&
990 2743 1104 2844 ipsum
1118 2750 1293 2839 Smyrna,
1317 2772 1412 2846 aque
1428 2770 1468 2820 ac
1485 2744 1695 2845 Tryphaenae
1713 2747 1758 2821 il·

265 2834 341 2916 1³²8·
363 2832 432 2915 55⁸⁹
452 2847 534 2940 lud,
558 2846 729 2921 Venetiae
757 2773 932 2946 perlatum
958 2840 1286 2920 est.1ntellexerat
1311 2844 1339 2916 is
1365 2870 1408 2918 ex
1436 2843 1554 2918 amico
1578 2844 1759 2944 quodam,

446 2945 622 3022 Veneriis·
637 2944 764 3020 llatuas
780 2943 917 3045 aliquot
934 2967 1150 3017 marmoreas
1167 2941 1258 3043 apud
1276 2966 1490 3017 mercatores
1506 2964 1668 3034 exteros,
1693 2944 1758 3044 qui

445 3073 492 3121 ex
512 3042 758 3147 Peloponneso
784 3070 827 3117 eo
848 3042 1048 3130 redierant,
1074 3041 1213 3115 venales
1229 3039 1403 3141 prostare.
1430 3041 1617 3117 Defiderio
1634 3041 1757 3144 itaque

442 3145 589 3221 videndi
624 3141 922 3240 comparandique
948 3138 1025 3210 illas
1049 3139 1237 3227 incensus,
1272 3138 1488 3240 acquiescere
1523 3167 1598 3215 uon
1634 3140 1755 3241 potuit

444 3242 541 3343 prius
550 3295 561 3332 ‚
587 3257 695 3339 quam
724 3236 802 3313 voti
828 3238 1057 3313 damnaretur
1083 3235 1163 3311 sui.
1191 3238 1384 3338 Acceptis,
1409 3265 1485 3339 quae
1511 3266 1610 3353 aequo
1638 3240 1759 3339 pretio

442 3339 672 3429 redemerat,
700 3334 936 3411 marmoribus
960 3335 1127 3435 aliquot,
1155 3338 1375 3414 Marcelline
1401 3339 1453 3411 im
1479 3338 1578 3412 rimus
1600 3363 1757 3414 marmo-

446 3467 507 3530 re,
534 3460 659 3537 utpote
685 3434 873 3511 faberrime
900 3435 1063 3509 omnium
1090 3434 1249 3536 sculpto,
1275 3435 1426 3510 mirifice
1451 3365 1519 3511 ibit
1545 3437 1761 3529 deleilatut,

421 3595 425 3602 .
446 3539 483 3610 δι
501 3536 583 3637 quia
601 3535 688 3612 illud
706 3533 877 3638 insignem
897 3533 1108 3635 Theologia
1129 3533 1271 3636 gentilis
1296 3535 1547 3637 antiquitatem
1574 3561 1641 3636 pra
1658 3534 1693 3610 se
1709 3536 1761 3610 se·

368 3679 373 3686 ·
445 3637 565 3727 rebat,
592 3645 790 3735 temperate
817 3634 879 3710 srbi
905 3659 979 3710 uon
1008 3635 1146 3735 potuit,
1172 3638 1259 3735 quin
1286 3635 1355 3708 boc
1380 3660 1522 3737 quoque
1548 3661 1760 3726 monumen-

450 3760 553 3828 tum,
577 3734 673 3837 quod
699 3736 735 3810 &
763 3761 828 3810 nos
855 3734 922 3808 boc
949 3734 1032 3807 loco
1058 3734 1101 3809 ad
1125 3760 1227 3808 exem
1253 3733 1305 3807 lar
1321 3735 1533 3810 Patauinum
1562 3760 1629 3808 aere
1644 3732 1760 3836 expri-

262 3804 421 3879 T3³·X'
448 3835 499 3911 mi
526 3834 750 3925 curavimus,
776 3832 1038 3910 commentario
1061 3831 1181 3934 aliquo
1208 3760 1419 3906 illustraret.
1438 3837 1615 3924 ,Marmor
1631 3832 1700 3907 boc
1718 3834 1758 3909 in

443 3935 619 4009 bonorem
646 3934 761 4034 Ulpia
789 3932 1038 4023 Marcelline,
1063 3930 1179 4031 Ulpia
1206 3930 1419 4022 Marcella,
1444 3932 1498 4005 uti
1525 3931 1655 4006 Patiuo
1679 3933 1759 4034 qui·

445 4034 526 4110 dem
553 4031 718 4124 videtur,
745 4030 846 4123 filiae,
872 4029 1072 4104 Sacerdotis
1097 4029 1258 4104 maximae
1271 4032 1358 4103 Dea
1374 4030 1526 4103 Veneris
1545 4031 1714 4122 Urauiae,
1736 4058 1757 4108 a

445 4132 580 4236 populo
603 4130 808 4227 smyrnensi
836 4154 875 4203 ac
903 4127 1113 4230 Magnesio,
1139 4150 1246 4228 prout
1273 4153 1317 4201 ex
1343 4126 1580 4228 inscriptione
1605 4128 1760 4229 zophori

445 4233 481 4305 dr
498 4250 611 4321 adnm
635 4253 753 4330 patet,
779 4227 937 4303 ereetum
964 4225 1030 4301 est.
1057 4232 1134 4302 Cur
1149 4225 1197 4310 ,id
1222 4225 1371 4300 honoris
1397 4226 1520 4303 datum
1538 4229 1764 4306 Marcelliuae

446 4355 480 4404 a·
495 4331 635 4432 populis
660 4328 731 4403 istis
756 4326 887 4418 suerit,
910 4325 945 4398 se
972 4325 1131 4402 nondum
1157 4325 1287 4425 assequi
1315 4323 1448 4402 fatetur
1474 4327 1644 4402 Patinus.
1678 4333 1760 4404 Cae·

448 4447 565 4502 rerum
594 4425 809 4504 Marcellino
835 4426 873 4498 in
899 4424 1020 4498 medio
1045 4424 1336 4518 llatmarmore,
1361 4425 1459 4527 gestu
1484 4426 1519 4497 oe
1546 4425 1669 4501 habitu
1695 4427 1760 4502 ali·

447 4525 534 4695 quid
560 4525 757 4603 sanblitatis
783 4522 981 4598 ostentante
1000 4549 1012 4609 3
1034 4548 1093 4596 »ex
1118 4545 1267 4624 utraque
1295 4549 1393 4623 parte
1419 4523 1509 4598 stant
1537 4526 1611 4600 duae
1635 4526 1761 4626 puellae

464 4646 572 4697 orma
598 4650 673 4702 non
698 4622 931 4729 inelegantis,
956 4646 1108 4726 quarum
1131 4621 1265 4719 altera,
1289 4648 1364 4726 qua
1386 4623 1611 4729 Marcelline
1631 4650 1658 4800 Ξ
1681 4623 1763 4737 sui.

495 4741 502 4754 '
1660 4747 1710 4798 ras
