3784 5459
41 461 48 506 l

41 564 45 606 ²
136 547 185 635 ea
204 557 429 635 foraminulrs
451 557 637 663 infigens.
665 558 758 635 Usus
785 558 914 636 horum
941 562 1080 637 metalli
1097 561 1357 657 frustulorum‚
1384 594 1459 669 quae
1479 544 1632 689 {¹¹ng

41 769 43 810 ³
134 762 311 834 Nutleum
337 763 582 835 &formulam
607 782 775 836 amutuo
795 761 991 838 contactu:
1019 760 1216 842 nescilicet
1235 764 1459 844 collabantur
1534 821 1540 833 ·

41 875 42 880 ’
131 883 228 962 erga
254 859 289 935 se
315 859 507 954 invicem,
532 859 619 937 dum
645 885 727 934 cera
755 856 897 950 effluit,
928 884 1038 963 utque
1065 864 1153 940 adeo
1180 886 1373 966 utrumque
1399 893 1457 950 eo·
1530 840 1597 904 ’Μ

41 4527 42 4540 ,
134 4485 179 4534 to
204 4461 365 4562 ntajores
383 4463 464 4537 illos
478 4464 651 4554 canales,
674 4458 827 4563 fignatos
843 4461 961 4537 literis
985 4463 1032 4553 d,
1057 4455 1178 4548 m,
1204 4453 1230 4524 d
1238 4501 1250 4542 ,
1267 4473 1352 4563 ,tam
1377 4473 1467 4521 ere·.

97 729 103 738 ,
136 657 183 734 in
202 662 279 758 Fig.
291 688 322 756 3.
346 658 588 761 indigitantur
616 686 678 761 per
704 685 747 751 a,
773 687 815 752 a,
840 687 883 753 a,
907 688 952 758 a,
977 689 1020 755 a,
1046 664 1076 737 is
1093 661 1163 754 est,
1190 687 1229 738 ut
1247 664 1459 765 prohibeant
1526 703 1529 714 ·

451 245 548 347 Su
577 277 608 346 ι»
629 277 666 347 n
698 276 785 395 ιι
808 260 875 356 Μ·
929 240 1150 352 ‘sm-I·
1197 296 1200 302 ’
1287 283 1387 394 347

136 454 310 534 immitto
323 457 462 574 ‘exigua
489 455 637 538 srullult
667 456 804 538 metalli
824 460 1025 561 ,pauxillo
1043 461 1200 558 ejusdem
1217 463 1286 540 luti
1298 463 1460 543 ‘firmiter
1481 463 1638 549 Tomis,

1499 644 1514 686 e
1545 623 1632 710 .ng

1478 724 1639 883 TlpraN.¹

132 969 226 1034 num
245 951 431 1037 incudem
453 960 528 1036 fixo
546 959 663 1063 positu
677 956 879 1035 constanter
897 986 1080 1037 remaneat
1099 1018 1108 1037 .
1136 968 1219 1039 Hoc
1237 961 1354 1056 sudio,
1372 991 1458 1046 con-
1476 918 1549 1004 P²g'
1569 922 1636 1000 3¹⁶·

132 1059 313 1138 uenienti
339 1060 497 1162 quodam
514 1060 753 1136 instrumento
780 1060 913 1136 abrado
941 1086 1083 1140 tanturn
1107 1063 1149 1138 de
1165 1062 1349 1165 superficie
1366 1065 1458 1158 luti,

131 1173 323 1262 'quantum
357 1160 524 1236 mollitiei
550 1159 669 1235 statum
695 1157 823 1236 sutura
851 1162 1009 1236 tribuere
1036 1162 1178 1238 decrevi
1206 1196 1215 1238 z
1246 1187 1351 1266 atque
1379 1189 1458 1248 tum

129 1264 302 1335 'nucleum
325 1257 423 1336 hunc
448 1260 556 1338 furno
582 1259 777 1335 immissum
797 1286 1010 1363 percoquo,
1037 1260 1150 1338 donec
1170 1262 1308 1377 penitus
1333 1265 1460 1346 cande·

128 1357 233 1435 fiat:
261 1369 356 1460 (per
373 1363 526 1435 nucleum
545 1386 634 1436 veto
662 1358 780 1435 ubivis
804 1361 973 1462 intelligo
990 1360 1140 1440 statuam
1169 1388 1219 1439 ita
1238 1364 1394 1463 primum
1412 1354 1459 1442 eit

129 1458 222 1534 suto
242 1460 417 1557 effidiam.
439 1471 455 1553 )
476 1467 579 1537 Cum
596 1458 768 1552 refrixit,
794 1487 876 1535 euro
894 1459 1122 1564 undiquaque
1142 1462 1297 1564 perfrico
1314 1462 1381 1537 isto
1399 1490 1460 1565 gc·

130 1569 225 1636 itere
250 1561 382 1649 Tertae'
401 1583 462 1636 aut
490 1559 697 1738 pigmenti,
732 1586 806 1675 quo
832 1564 1011 1638 Germani
1038 1561 1149 1652 nostri
1176 1560 1278 1663 figuli
1307 1558 1460 1640 utuntur

112 1658 185 1736 “ad
215 1649 425 1738 colorandas
450 1661 511 1761 jun
552 1685 632 1738 uras
658 1658 888 1754 fidelnrum,
915 1660 1098 1765 postquam
1120 1661 1456 1754 fornacerfillilere

130 1758 272 1836 talibus
289 1762 583 1839 construxerunt.
608 1759 840 1863 Pigmentum
859 1761 949 1837 illud
966 1764 1070 1839 valde
1089 1755 1122 1837 ei
1142 1761 1255 1838 fimile
1271 1760 1341 1853 est,
1359 1763 1457 1864 quod

132 1861 264 1936 Gallis
280 1866 563 1939 vocaturPlomb
580 1865 622 1936 do
638 1887 729 1954 mer,
755 1871 770 1952 (
788 1862 991 1963 Plumbago
1007 1864 1112 1954 alias,
1132 1873 1148 1954 )
1174 1864 1273 1962 cujus
1291 1863 1368 1937 usus
1385 1861 1456 1944 sre-

133 1965 254 2134 duem
280 1961 328 2036 est
353 1965 400 2041 ad
418 1963 550 2076 primae
567 1962 789 2062 pisinianum
804 1962 915 2035 lineae
934 1960 975 2034 in
992 1962 1117 2040 charta
1134 1960 1330 2053 ducendas,
1346 1989 1365 2037 a
1384 1987 1456 2062 qua

164 2060 230 2134 ein
257 2060 357 2161 panis
384 2088 477 2137 mica
505 2060 610 2136 facile
636 2057 775 2135 rursum
794 2058 1036 2172 abstergitur,
1064 2083 1275 2140 nontamen
1301 2086 1384 2135 cum
1410 2086 1456 2146 eo

127 2158 302 2235 ‹omnioo
321 2159 425 2236 ¹idern
443 2158 490 2234 est
508 2216 517 2234 .
546 2157 659 2251 Hoc,
685 2158 854 2262 inquam,
882 2182 1107 2259 pigmentum
1124 2183 1213 2261 aqua
1231 2157 1382 2251 misceo,
1399 2185 1458 2233 eo·

129 2283 211 2359 que
232 2281 351 2335 totum
368 2260 510 2363 perlino
528 2261 712 2333 nucleum:
740 2261 825 2334 dnm
843 2282 1070 2360 compertum
1092 2258 1159 2351 est,
1187 2258 1383 2334 Metallum
1401 2259 1456 2344 su·
1491 2278 1511 2331 a

130 2373 205 2460 'per
233 2385 277 2434 eo
302 2360 448 2436 liberius
464 2357 600 2435 fluere.
627 2359 774 2434 Dantur
826 2358 946 2434 uidem
975 2362 1011 2434 δι
1040 2358 1115 2434 aliae
1134 2358 1292 2433 materia
1312 2356 1395 2432 huic
1413 2355 1455 2442 fi·

130 2460 178 2533 ‘ni
208 2457 443 2536 inservientes
470 2490 480 2535 e
517 2482 677 2535 attamen
704 2483 773 2560 ego
799 2385 867 2533 iac
893 2455 1031 2559 semper
1057 2456 1135 2533 usus
1159 2456 1265 2549 sum,
1293 2457 1454 2532 maxime

129 2567 136 2578 “
166 2583 210 2633 ro
226 2557 356 2635 ¹statuis
383 2557 633 2636 tenuioribus.
661 2557 705 2634 Id
732 2555 916 2660 postquam
933 2558 1117 2658 perusium
1135 2556 1213 2649 est,
1240 2555 1313 2653 jam
1338 2558 1455 2632 nucleo

137 2584 379 2761 superinduco
400 2685 542 2737 tantum
560 2684 649 2734 ceta
665 2657 788 2751 flava,
812 2657 890 2759 pice
907 2681 970 2734 aut
989 2656 1100 2733 restna
1117 2655 1324 2759 permixta,
1342 2682 1454 2757 quan·

131 2781 220 2834 tam
238 2757 353 2834 facere
372 2761 478 2863 cupio
495 2757 690 2836 crassitiem
708 2758 827 2834 statuar
845 2781 1042 2860 occoeptaer
1071 2775 1179 2859 quam
1205 2758 1295 2833 adeo
1321 2754 1361 2831 in
1378 2753 1453 2858 ipsa

142 2883 252 2949 cera,
279 2874 413 2960 quanta
439 2861 595 2936 maxime
621 2861 727 2934 valeo
753 2859 982 2933 accuratione
1009 2858 1177 2933 elaboro.

129 2983 135 3005 ³
193 2959 411 3035 Notandum
431 2961 490 3035 hic
507 2959 577 3052 est,
597 2957 699 3133 [puori
715 2956 785 3033 ista
802 2957 939 3032 metalli
959 2958 1159 3056 particula,
1175 2980 1261 3057 quas
1277 2955 1379 3054 supra
1399 2927 1453 3031 di·

135 3057 182 3134 'xi
210 3061 325 3133 nucleo
351 3058 549 3164 infigendas
576 3086 595 3134 e
625 3086 674 3150 e,
700 3059 744 3133 ad
770 3082 853 3132 eum
880 3055 919 3130 in
936 3054 1102 3134 distantia
1128 3057 1246 3155 aliqua
1273 3081 1294 3129 a
1319 3054 1452 3127 modulo

130 3153 409 3253 diffluentium,
435 3162 488 3237 ita
504 3160 656 3237 debeant
674 3159 742 3233 esse
758 3157 959 3249 collocata,
987 3179 1027 3231 ut
1046 3154 1219 3257 parallelae
1246 3151 1451 3238 coincidunt

137 3253 263 3334 errasse
290 3285 383 3335 cum·
398 3259 582 3378 superficie
599 3284 705 3335 cera.
732 3257 846 3335 Ratio
860 3280 1004 3348 autem,
1031 3281 1141 3359 quate
1160 3252 1277 3356 picem
1294 3272 1355 3330 aut
1373 3251 1452 3337 refi-

137 3368 227 3433 nam
245 3384 333 3435 cerae
350 3360 583 3453 admisceam,
609 3358 682 3435 hnc
701 3357 777 3451 est,
802 3360 899 3459 quod
919 3384 967 3433 cae
985 3356 1143 3431 materia
1170 3377 1253 3436 cum
1279 3352 1362 3428 dein
1382 3376 1450 3426 cx·

130 3479 319 3550 uruntur,
344 3459 503 3536 validum
524 3459 677 3534 reddunt
694 3455 856 3550 fumum,
878 3456 971 3556 quii
998 3455 1032 3530 se
1050 3452 1450 3542 adhaetescens'modulp

132 3555 283 3648 efficit,
304 3581 345 3631 ut
364 3561 548 3635 metallum
567 3585 611 3633 co
627 3558 773 3650 liberius
793 3556 827 3631 se
853 3483 1031 3631 diffundat
1057 3581 1098 3630 ac
1120 3553 1314 3647 discurrat,
1340 3574 1449 3656 prout

136 3653 290 3756 ipsemet
318 3659 539 3773 experientia
566 3658 695 3738 didici.
1086 3726 1088 3730 .
1426 3709 1430 3733 ι

189 3760 306 3851 Porro
333 3757 529 3860 hincinde
555 3784 618 3861 per
643 3753 865 3861 superficiem
892 3779 1000 3833 cerea
1026 3750 1130 3855 hujus
1154 3750 1272 3832 statuae
1297 3751 1449 3855 dispono

135 3860 267 3959 exigua
283 3877 371 3934 cera
388 3859 564 3953 frustula,
615 3886 665 3935 ua
693 3882 824 3934 vocare
838 3853 949 3932 soleo
976 3857 1188 3934 canaliculos
1207 3855 1386 3944 minores,
1411 3852 1448 3926 δι

135 3958 174 4033 in
193 3959 331 4061 Figura
358 3960 570 4036 exhibentur
588 3884 659 4035 iub
684 3983 723 4053 c,
748 3983 788 4052 r,
809 3981 854 4051 r,
879 3983 919 4051 c,
943 3982 984 4052 c,
1009 3979 1056 4050 c,
1081 3961 1202 4060 (quos
1227 3954 1381 4057 singulos
1396 3950 1450 4029 ita

131 4058 298 4162 adaptari
316 4084 461 4161 oportet
473 4086 542 4153 ,ut
555 4061 664 4136 semet
676 4059 833 4135 inserant
849 4059 889 4134 in
898 4060 1037 4135 canales
1046 4059 1126 4134 illos
1137 4056 1289 4158 maiores
1298 4054 1335 4142 d,
1344 4051 1381 4142 d,
1391 4051 1450 4142 d.)

138 4160 206 4235 His
226 4162 404 4264 perasiir,
420 4162 463 4235 ab
480 4162 581 4234 omni
600 4185 701 4261 patre
719 4160 872 4234 nucleum
890 4163 1079 4261 'ceramque
1097 4160 1238 4236 obduco
1254 4150 1450 4259 eodemlu-
1481 4184 1483 4190 ·
1549 4179 1613 4254 ,μς

135 4261 165 4333 ti
182 4287 340 4363 genere,
367 4262 464 4361 quod
492 4261 613 4361 ignem
631 4259 766 4362 patitur
783 4257 985 4336 fissurarum
1006 4286 1131 4363 expers
1150 4284 1162 4345 3
1187 4277 1293 4354 atque
1316 4248 1360 4322 stc
1377 4271 1450 4346 pam

134 4357 250 4438 siatua
268 4388 426 4437 concava
452 4359 520 4435 sive
538 4363 697 4435 Formula
715 4355 870 4461 persedia
889 4360 962 4436 est.
989 4363 1102 4461 Supra
1120 4359 1210 4432 banc
1230 4352 1311 4432 dein
1338 4348 1450 4422 collo·
1474 4407 1545 4497 pag·
1560 4428 1629 4494 3¹7·
1650 4421 1653 4426 ,

41 4555 42 4566 ’
136 4560 217 4653 no,
247 4590 357 4665 quam
385 4560 594 4639 transverso
614 4562 712 4658 suu,
737 4559 913 4639 formatos
941 4561 1076 4662 pariter
1103 4577 1149 4630 ex
1177 4572 1364 4639 ceta31ta
1391 4549 1451 4634 ‚eo's

41 4731 44 4796 ¹

41 4827 44 4874 ι

41 4663 42 4666 ’
132 4660 354 4767 disponens,
379 4687 487 4766 prout
511 4663 695 4765 optimum
711 4664 944 4763 esse-iudico,
970 4658 1016 4733 ad
1037 4651 1255 4760 recipiendas
1281 4647 1451 4762 extrefnl·
1499 4737 1502 4742 ,

975 4761 1041 4829 Xx
1094 4781 1112 4829 2
1314 4774 1405 4827 tates
