3784 5459
529 270 606 398 '96
771 255 1303 359 «Aera

281 476 443 544 Ass-End·
466 472 547 551 satis
589 469 688 547 allim
715 464 812 544 uotis
827 458 1001 539 subsidiis.
1028 464 1080 537 Et
1097 483 1218 536 tamen
1244 457 1338 560 leges
1355 458 1721 558 projeslorumver'ae,
1748 461 1785 535 de

279 565 340 622 An.
359 557 444 633 ¹⁶⁸9·
465 500 619 657 calcusus
634 564 889 671 experimentis
915 563 1164 653 consentiens,
1191 558 1378 661 magnoin
1398 560 1551 635 balistiea
1578 566 1613 636 δι
1632 560 1786 663 pyrobo

278 638 407 714 'man'
456 662 636 751 licis'usui
653 671 815 758 futurus,
844 663 929 737 hinc
946 663 1167 763 potillrmum
1197 660 1348 773 pendere
1375 661 1561 736 videntur.

452 813 475 836 ,·
510 781 595 878 Ego
622 768 830 873 jamdudum
857 766 1007 857 Inclyta
1032 760 1236 836 Academia
1261 758 1498 836 Scientiarum
1516 763 1640 865 Regiae
1659 765 1785 842 Parili-

455 904 532 969 nae,
560 899 641 950 cum
667 867 761 971 apud
788 867 869 940 illos
888 888 1061 965 agerem,
1087 857 1215 935 dehoc
1244 883 1456 959 argumento
1485 864 1784 942 ratiocinationes

459 967 750 1059 communicavi,
777 966 812 1039 δι
839 968 986 1038 modum
1006 957 1198 1036 estimandi
1217 985 1261 1033 ex
1281 984 1378 1059 parte
1397 963 1557 1055 tradidi,
1583 964 1783 1069 speciesque

460 1074 625 1153 distinxi.
652 1067 799 1170 Duplex
816 1064 928 1167 igitur
954 1061 1062 1137 medii
1090 1058 1280 1135 refillentia
1299 1059 1367 1154 est,
1393 1089 1461 1137 una
1488 1064 1669 1160 absoluta,
1697 1072 1785 1142 alte-

460 1205 501 1251 ra
520 1172 743 1276 respesliva,
770 1192 846 1270 quar
864 1167 1072 1267 plerumque
1099 1187 1311 1236 concurrere
1336 1161 1478 1237 solent.
1515 1167 1680 1263 Absoluta
1707 1170 1783 1256 rest-

453 1277 581 1368 Jleatr'a
608 1271 687 1362 est,
721 1295 800 1369 quae
827 1263 1041 1342 tantundem
1068 1262 1202 1338 virium
1239 1262 1382 1336 mobilis
1410 1265 1603 1359 absorbet,
1640 1268 1711 1344 five
1747 1271 1783 1346 id

458 1403 576 1480 parva
602 1374 673 1448 five
691 1395 820 1470 magua
845 1365 1041 1442 velocitate
1067 1385 1277 1452 moveatur,
1305 1363 1719 1463 dummodomoveatur,
1748 1373 1783 1445 dt

459 1475 592 1579 pendet
618 1471 757 1550 amedii
776 1466 1036 1567 glutinostrare5
1063 1463 1208 1564 perinde
1235 1462 1331 1537 enim
1351 1462 1426 1556 est,
1453 1492 1496 1540 at
1520 1466 1545 1540 li
1573 1494 1689 1570 partes
1707 1470 1784 1546 fila-

461 1576 594 1652 mentis
620 1596 724 1648 motu
754 1568 897 1644 mobilis
924 1563 1224 1668 perrumpendis,
1260 1589 1425 1638 connexae
1453 1567 1562 1642 essent
1589 1569 1685 1645 inter
1710 1574 1746 1646 le
1773 1626 1783 1649 .

461 1677 600 1755 Eadem
627 1674 747 1748 locum
772 1670 877 1745 habet
904 1667 942 1742 in
954 1666 1166 1760 frisionibus
1191 1662 1457 1838 superficierum
1478 1667 1717 1770 asperarum,
1745 1674 1783 1748 in

488 1778 589 1853 uibus
611 1772 767 1855 ¹mobilia
794 1770 989 1846 decurrunt
1016 1795 1027 1856 3
1065 1792 1148 1841 nam
1175 1764 1221 1840 ob
1250 1767 1349 1841 acula
1383 1764 1464 1841 sunt
1491 1770 1688 1849 abradenda
1724 1772 1784 1848 vel

460 1805 585 1953 saltem
612 1871 862 1975 deprimenda,
888 1871 932 1947 ad
951 1867 1058 1944 instar
1075 1869 1231 1970 pilorum
1249 1864 1473 1945 elastieorum
1490 1868 1558 1944 sese
1568 1870 1686 1972 postea
1706 1902 1784 1950 rnr-

460 1975 518 2052 sus
535 1973 780 2077 erigentium
808 1973 850 2048 ad
877 1970 1038 2046 clastrum
1069 1992 1187 2044 autem
1214 1965 1506 2066 deprimendum,
1532 1972 1590 2046 vel
1615 1974 1660 2049 ad
1677 1972 1784 2051 filum

460 2074 722 2176 rumpendum,
749 2074 873 2149 eadem
899 2071 1035 2169 semper
1062 2068 1117 2143 vis
1141 2066 1467 2168 impendendam,
1494 2097 1558 2147 nee
1575 2073 1685 2148 refert
1733 2104 1783 2154 ua

461 2176 504 2251 lit
523 2175 660 2277 agentis
686 2175 884 2251 velocitas.
909 2169 1109 2260 Refissenria
1136 2166 1321 2266 respodiva
1349 2167 1466 2245 oritur
1491 2195 1533 2246 ex
1562 2171 1672 2249 medii
1700 2103 1783 2252 dena

462 2275 586 2364 stra-te,
611 2276 648 2345 8<
666 2273 782 2369 major
808 2272 856 2344 est
885 2298 951 2370 pro
969 2269 1098 2367 majori
1126 2267 1269 2343 mobilia
1287 2268 1500 2364 velocitate,
1527 2300 1571 2349 eo
1587 2274 1665 2377 ipso
1682 2279 1782 2379 quod

417 2366 421 2377 ’
461 2396 580 2471 partes
607 2370 717 2444 medii
743 2369 915 2469 agitanda
940 2370 1021 2441 sunt
1050 2394 1069 2441 a
1092 2390 1321 2466 penetrante,
1349 2396 1493 2446 movere
1515 2376 1782 2478 autemaliquid

463 2470 512 2563 est
529 2469 607 2547 vim
634 2470 859 2567 impendere,
886 2470 921 2539 8(
950 2493 993 2540 eo
1021 2464 1224 2563 majorem,
1250 2495 1323 2570 quo
1351 2469 1465 2566 major
1491 2477 1783 2554 communicatur

462 2594 584 2645 motus
594 2567 714 2645 medii
735 2567 917 2668 partibus,
942 2564 1096 2657 horest,
1123 2594 1196 2667 quo
1212 2569 1364 2644 celerior
1390 2569 1437 2644 est
1462 2597 1784 2672 motuspenetrano

463 2670 531 2746 cis.
556 2673 607 2744 Et
625 2665 815 2743 telistentia
842 2664 942 2741 fluidi
970 2665 1208 2782 quiescentis,
1235 2694 1318 2770 erga
1345 2695 1469 2769 corpus
1493 2671 1701 2767 incurrens,
1730 2679 1785 2751 est

463 2769 605 2870 aqualis
631 2768 670 2850 vi
687 2766 787 2859 fluidi
814 2766 1030 2847 incurrentis
1055 2793 1094 2845 an
1112 2793 1240 2868 corpus
1266 2769 1461 2869 quiescens,
1488 2795 1564 2871 qua
1583 2773 1704 2870 major
1734 2776 1783 2851 ess

464 2896 545 2944 cum
564 2866 714 2943 'celerior
740 2867 787 2942 cll
805 2892 924 2944 motus
939 2867 1062 2961 fluidi,
1088 2891 1127 2947 ut
1154 2869 1318 2945 videmus
1343 2895 1492 2983 corpora
1507 2874 1623 2947 vento
1640 2872 1676 2946 δ’(
1689 2900 1783 2977 aqua

463 2970 634 3061 moveri,
661 2969 736 3042 imo
753 2968 848 3065 jadlu
877 2996 972 3071 aquae
998 2968 1079 3045 satis
1105 2968 1304 3070 impetuoso
1321 2996 1444 3072 gravia
1467 2969 1658 3061 sustineri3
1694 2976 1781 3051 licet

461 3070 521 3143 hic
541 3096 684 3171 quoque
698 3067 780 3150 sese
799 3067 1175 3144 absoluta-resistentia
1194 3068 1418 3162 immisceat,
1447 3099 1465 3145 a
1485 3099 1553 3174 qua
1571 3095 1694 3150 tamen
1722 3077 1782 3151 ab}

461 3168 670 3261 stralrendus·
693 3166 741 3240 est
768 3169 927 3259 animur,
956 3194 1037 3243 cum
1063 3168 1295 3270 respedlivam
1321 3169 1550 3266 adimamus,
1579 3174 1782 3277 quasrnulla

462 3266 683 3344 ellet'medii
710 3266 910 3345 tenacitas,
939 3272 1023 3348 Hoc
1049 3297 1191 3373 quoquc
1217 3264 1361 3343 interest
1385 3267 1482 3345 inter
1509 3273 1595 3349 duas
1622 3274 1778 3351 resisten-

342 3428 351 3443 .
417 3425 425 3444 .
465 3366 597 3442 riarum
615 3365 769 3469 specim,
796 3367 892 3469 quod
910 3367 1199 3457 absolutahabet
1226 3367 1491 3469 quodaminodo
1520 3374 1701 3452 rationem
1728 3374 1784 3451 su·.

461 3465 621 3572 perficies
647 3466 790 3542 mobilis
817 3467 887 3544 srve
912 3471 1124 3559 contaslus3
1152 3466 1347 3569 respeetiva
1365 3496 1459 3545 vero
1480 3469 1700 3551 soliditatis.
1729 3481 1783 3551 Ue

461 3567 628 3668 trobique
648 3568 866 3669 paradoxum
892 3573 1072 3665 occurrit,
1100 3569 1197 3674 quod
1214 3569 1347 3645 mobile
1358 3596 1544 3673 penetrans
1570 3576 1782 3685 inmedium

461 3664 642 3740 uniforme
669 3668 798 3768 ubique
817 3667 992 3762 resistent,
1019 3696 1202 3771 nunquam
1230 3670 1374 3771 quidem
1401 3672 1444 3745 ab
1462 3698 1506 3748 eo
1534 3675 1719 3778 redigetur
1739 3677 1784 3754 ad

461 3766 642 3866 quietem:
671 3794 691 3841 a
718 3767 908 3845 refisleutia
926 3794 1046 3844 tamen
1071 3770 1229 3844 absoluta
1254 3794 1382 3872 corpus
1398 3772 1494 3872 quod
1512 3775 1550 3848 vi
1569 3775 1677 3851 semel
1698 3805 1785 3853 con·

304 3932 322 3949 ,,
398 3916 430 3955 ⁴·
461 3891 562 3967 cept-a
578 3878 776 3960 movetur,
803 3897 916 3971 neque
943 3868 1092 3947 aliundew
1110 3870 1356 3962 acceleratur,
1382 3896 1521 3950 certum
1547 3874 1658 3952 habet
1685 3878 1786 3953 limi·

341 3954 349 3969 *
387 3964 393 3971 ’
462 3990 534 4049 teru
551 3965 654 4067 spatii
682 3966 751 4043 five
769 3968 1027 4071 penetrationis
1044 3967 1082 4041 iu
1105 3968 1283 4061 medium,
1312 3970 1364 4044 ita
1383 3996 1423 4046 ut
1439 3973 1587 4077 semper
1604 3978 1648 4053 ad
1664 3976 1784 4083 ipsum

458 4066 746 4162 reslaaccedat,
773 4092 954 4170 uunquam
974 4091 1094 4147 tamen
1120 4094 1163 4147 eo
1192 4070 1399 4169 perveniat,
1427 4100 1533 4175 quam
1552 4105 1648 4153 voto
1673 4106 1785 4181 pene-

459 4169 876 4251 trationemmaximam
904 4167 1140 4260 exclusivum,
1166 4167 1226 4245 seu
1252 4170 1447 4246 maximam
1473 4203 1553 4277 quat
1569 4206 1667 4266 non3
1697 4207 1785 4256 are·

457 4266 609 4345 fislentia
636 4295 724 4342 veto
743 4266 938 4364 respectiva
955 4293 1084 4367 corpus
1097 4268 1327 4345 uniformiter
1354 4275 1588 4351 acceleratum
1618 4288 1683 4368 (ut
1702 4308 1785 4382 gra·

456 4393 512 4447 te.
529 4367 760 4456 descendens)
789 4365 893 4437 habet
905 4390 1049 4443 eertum
1077 4368 1232 4443 limitem
1260 4372 1484 4467 velocitatis,
1511 4375 1569 4465 seu
1582 4381 1785 4455 maximam

457 4465 688 4543 velocitatem
715 4462 948 4554 exclusivum,
976 4467 1142 4565 adquam
1168 4467 1307 4571 semper
1335 4474 1494 4567 accedit,
1522 4482 1587 4563 (ut
1599 4478 1787 4579 postremo

457 4561 659 4645 differentia
687 4561 997 4656 srtinsensrbilis,)
1027 4564 1078 4639 ita
1105 4590 1225 4653 tamen
1254 4594 1294 4643 ut
1313 4581 1786 4678 eam-nunquamperfesle

455 4661 630 4765 attingat.
657 4670 707 4740 Et
733 4665 805 4763 hare
832 4663 1002 4743 velocitas
1027 4662 1075 4743 est
1095 4665 1155 4744 illa'
1172 4668 1266 4772 ipsa,
1282 4697 1364 4773 tqna
1381 4676 1683 4779 motumfluidum
1714 4681 1787 4770 (ad

1562 4768 1584 4803 ⁸
1614 4778 1729 4856 instar
