3784 5459
508 253 614 394 408
891 251 1380 402 Actu.

107 531 109 538 ,
249 480 411 551 Λὲὶῑῐῑῑί
433 473 1224 594 poriauniuerlilotget'uatiimaellpottip,
1249 471 1446 551 obvallari
1464 449 1752 578 nempeOteaui

249 572 310 708 ff·
326 566 412 705 116ἕῖ*
434 583 733 689 amplitudinem,
759 606 866 682 quam
883 601 1076 654 ventorum
1094 597 1212 650 tuotro
1230 597 1304 650 nou
1318 573 1483 676 pervadit
1499 574 1616 675 longo
1634 574 1753 649 admo·

289 644 342 721 ·]u
383 679 394 704 '
433 690 519 765 dum
535 683 708 784 temporis
723 679 856 781 spatio.
883 682 1008 778 Atque
1035 675 1109 750 haee
1135 672 1209 774 ipsa
1225 673 1320 750 ratio
1339 673 1406 766 eil,
1431 699 1496 751 tur
1510 673 1667 748 flumina
1685 699 1753 748 nou

434 784 625 864 refundant
651 803 792 856 tautum
818 778 857 852 in
875 780 984 851 Mare
1000 774 1339 866 Mediterraneum,
1363 797 1540 876 quantum
1559 772 1625 848 sub
1651 798 1757 873 vapo-
1844 795 1845 830 l

435 912 516 962 rum
534 881 646 997 specie
672 873 756 955 iude
772 875 995 952 extrahitur.
1022 873 1332 975 Tertiaquaedaur
1347 897 1427 975 pure
1452 872 1550 949 cadit
1576 874 1613 948 it
1640 896 1754 947 terras

435 983 675 1071 humiliores,
703 975 904 1079 plantisque
930 973 1165 1074 inpebulutu
1192 971 1316 1048 cedite
1343 998 1459 1076 neque
1478 997 1601 1047 tamen
1624 972 1675 1047 ibi
1698 995 1754 1047 re·

437 1106 559 1160 manet
579 1134 592 1172 ‚
616 1103 742 1155 vetum
761 1073 878 1150 rursus
893 1072 1080 1149 exhalatur
1104 1072 1143 1147 io
1162 1077 1313 1173 rape'roe
1339 1098 1402 1175 per
1426 1071 1521 1148 Solis
1546 1071 1755 1161 aelium,

440 1185 477 1257 δι
505 1181 550 1255 fic
575 1180 635 1254 vel
661 1204 681 1252 a
707 1172 826 1250 ventis
849 1172 1039 1251 devehitur
1065 1171 1109 1247 td
1126 1196 1247 1262 mare,
1273 1169 1337 1246 sau
1351 1172 1531 1246 schemate
1550 1170 1683 1286 pluvie
1700 1193 1757 1244 atu
1845 1181 1846 1248 Τ

443 1282 536 1358 rotis
554 1279 639 1354 illuc
657 1274 862 1376 relapsura,
885 1273 946 1347 vel
972 1270 1016 1347 ad
1035 1295 1174 1345 mootee
1199 1270 1389 1371 alioquin,
1416 1296 1489 1372 quo
1514 1270 1567 1345 ibt
1595 1270 1637 1344 io
1655 1270 1760 1344 statu·

446 1380 578 1480 rigiues
596 1397 856 1453 convertatur:
885 1373 922 1445 dt
950 1395 989 1445 ut
1007 1370 1163 1445 maxime
1188 1369 1256 1443 hot
1274 1396 1348 1444 uott
1366 1369 1574 1446 immediate
1600 1370 1655 1444 ita
1683 1393 1760 1444 cou-

446 1479 593 1579 tingat‚
621 1474 694 1577 post
710 1470 892 1573 pluscultt
918 1494 1039 1546 temen
1065 1468 1341 1561 vicissitudines,
1366 1469 1493 1570 quibua
1509 1468 1625 1544 modo
1651 1469 1691 1543 in
1706 1494 1761 1542 ra·

447 1578 593 1749 porqbus
618 1572 794 1661 ascendit,
810 1570 934 1741 'qun
954 1569 996 1743 piu
1013 1594 1094 1644 rore
1119 1569 1179 1643 uel
1198 1567 1377 1743 ἐωδτὲἒιςε
1393 1567 1600 1661 delabitur,
1627 1568 1763 1670 lingula

449 1702 520 1851 ‘dl
538 1699 708 1859 llll?
727 1689 864 1870 lilim
879 1694 954 1842 ²„ss
976 1693 1125 1868 pllz’,
1149 1693 1335 1866 ”lulli
1348 1693 1465 1842 llll:
1473 1691 1763 1844 tulllllz:

449 1900 490 1950 re
515 1871 640 1947 satiata
658 1866 818 1968 disper
844 1892 888 1943 va
904 1867 953 1941 let
978 1892 1020 1940 ac
1036 1866 1122 1967 depr
1186 1891 1266 1939 ores
1284 1888 1385 1943 terrae
1405 1890 1523 1966 parter
1547 1867 1642 1943 viam
1668 1868 1763 1941 iutra
1847 1953 1848 1956 Ἴ

449 1971 601 2048 flumina
626 1966 846 2060 inveniunt,
880 1965 916 2039 dt
943 1964 995 2041 ita
1022 1989 1084 2067 per
1110 1964 1360 2066 compendium
1387 1968 1432 2042 a'd
1458 1989 1560 2042 mare
1585 1967 1761 2044 retromit·

520 2095 598 2148 ture
785 2111 790 2122 '
882 2093 886 2100 Ι
941 2089 959 2134 ¹..
1399 2103 1404 2112 ¹

450 2093 584 2246 milae
610 2169 762 2272 proinde
787 2165 960 2245 methodo
986 2163 1192 2244 Circulatio
1216 2187 1257 2242 ea
1285 2160 1499 2283 perficiturr
1534 2191 1649 2271 neque
1674 2164 1766 2266 equi·

454 2271 535 2350 dem
552 2271 705 2363 dubito,
731 2270 816 2373 quin
836 2268 1058 2370 Hypotltelir
1077 2268 1150 2343 hac
1169 2268 1301 2343 ratioet
1321 2291 1377 2344 ma
1405 2269 1433 2342 is
1450 2266 1690 2344 consentanea
1706 2264 1769 2355 fir,

455 2395 563 2479 quarn
580 2369 708 2469 opinio
731 2394 853 2443 eorum
874 2415 886 2460 ,
910 2369 974 2540 qpi
991 2367 1222 2469 scaturigines
1239 2291 1418 2442 univerldt
1444 2368 1488 2442 ab
1512 2368 1615 2469 aquis
1642 2365 1769 2467 pluviis

456 2472 644 2558 derivant,
669 2493 750 2542 eum
769 2491 888 2543 tamen
905 2466 918 2541 i
947 2494 976 2543 a
992 2492 1162 2569 perennes
1178 2491 1217 2541 rc
1235 2465 1482 2542 diminutionis
1499 2490 1670 2566 expertes
1686 2463 1776 2553 lint,

458 2588 545 2642 tuuc
571 2565 714 2657 etiam,
738 2587 819 2641 tunt
847 2565 961 2638 multo
978 2570 1151 2667 temporie
1167 2567 1360 2642 interuallo
1377 2565 1537 2640 imbrium
1555 2562 1652 2638 nilril
1680 2562 1777 2635 ceci·

280 2685 351 2772 Q
368 2702 436 2770 3¹2·
461 2664 541 2750 dit:
569 2665 680 2765 magis
706 2665 817 2753 item,
842 2665 1077 2765 quanteltera
1094 2668 1182 2758 ille,
1207 2689 1284 2767 quat
1298 2667 1424 2742 eaedem
1441 2662 1583 2738 deducit
1610 2690 1631 2746 a
1659 2659 1781 2736 filtra·

462 2763 561 2838 tione
588 2762 646 2837 seu
674 2763 913 2864 percolatioue
939 2787 1035 2864 aqua
1054 2765 1199 2840 marina
1225 2787 1287 2865 per
1312 2789 1421 2842 certor
1435 2762 1579 2839 tubulos
1596 2761 1779 2864 imagina-

465 2863 539 2937 rios
563 2860 621 2936 seu
639 2886 776 2937 meatus
792 2861 1058 2954 subterraneos,
1075 2863 1170 2964 iutra
1182 2889 1278 2966 quos
1293 2864 1498 2965 lllsugioem
1512 2863 1616 2937 luam
1634 2864 1777 2961 perdatr

465 2988 542 3063 qua
557 2961 700 3063 quidedt
717 2960 913 3052 fenteutia,
939 2983 1066 3061 pretet
1084 2965 1199 3064 plures
1217 2965 1329 3058 aliae,
1357 2964 1421 3038 hae
1449 2960 1565 3064 princi
1592 2961 1639 3034 ali
1666 2960 1794 3040 abste,

463 3063 575 3137 ditate
600 3061 766 3153 laborat,
791 3063 888 3162 quod
912 3060 1141 3161 graodiffima
1167 3062 1315 3139 flumina
1338 3063 1413 3139 fere
1430 3061 1536 3162 copio
1603 3083 1676 3133 mas
1699 3057 1779 3131 suat

467 3159 697 3260 scaturigines
722 3185 829 3260 quam
848 3161 1007 3235 maxime
1032 3162 1161 3237 amari
1187 3184 1343 3238 remotas
1359 3162 1511 3250 habeut,
1534 3187 1573 3235 at
1590 3155 1717 3233 talibus
1734 3157 1778 3229 in

469 3259 585 3349 locis,
610 3256 777 3357 quorsum
801 3282 875 3332 tem
894 3257 989 3334 talla
1015 3283 1186 3361 aquatum
1203 3263 1360 3354 dulcium
1377 3259 1557 3363 quantitas
1574 3257 1643 3333 alia
1668 3255 1785 3370 quali·

470 3380 622 3469 cumque
643 3354 701 3429 via
719 3354 874 3429 derivari
891 3353 1037 3458 nequit,
1061 3383 1171 3461 quam
1189 3381 1252 3461 per
1267 3385 1438 3464 vaporet.
1466 3365 1519 3436 At
1545 3386 1588 3434 ue
1613 3355 1675 3430 hit
1694 3354 1784 3458 rple,

470 3453 640 3556 liquidem
657 3454 774 3531 caulae
789 3454 911 3531 finales
936 3457 1126 3535 admittere
1150 3461 1203 3536 fat
1218 3459 1268 3534 est
1286 3462 1470 3553 ‚ridetur
1496 3386 1565 3534 ede
1590 3454 1782 3558 dedignatur

472 3553 652 3629 montium
674 3553 785 3647 finit,
811 3583 850 3632 ut
877 3557 1041 3657 eorumj
1090 3586 1139 3651 a,
1211 3562 1392 3637 rmediot
1415 3558 1639 3636 continentis
1657 3554 1784 3630 naute

471 3650 657 3751 disposita,
683 3678 750 3755 pro
768 3656 965 3730 Alembicis
990 3683 1085 3758 quat
1111 3660 1149 3733 itt
1167 3659 1356 3752 ervireut,
1383 3662 1426 3737 ad
1445 3657 1667 3735 destillandas
1682 3676 1786 3754 aquas

472 3751 592 3826 dulces
619 3751 656 3825 itt
678 3750 757 3827 usur
782 3753 973 3831 hominum
1047 3781 1091 3832 ut
1118 3785 1158 3833 ac
1185 3758 1423 3852 animalium,
1450 3781 1639 3857 eorumque
1661 3753 1784 3826 altitu-

474 3850 522 3925 do
540 3849 781 3925 declivitatem
811 3854 979 3958 praeberet
995 3779 1079 3929 ‘iiis
1094 3859 1257 3933 amnibus
1283 3859 1326 3934 ad
1354 3860 1486 3934 leniter
1502 3852 1754 3932 decurrendum
1776 3904 1791 3940 ,

475 3947 587 4034 instar
609 3948 763 4024 totidem
788 3977 961 4028 venarum
988 3958 1257 4049 matrimoni,
1281 3982 1349 4060 pro
1373 3957 1524 4060 largiori
1553 3973 1794 4031 creaturarum

463 4051 748 4126 emolumento.
774 4049 812 4123 si
825 4056 940 4151 porro
955 4052 1158 4133 differentia
1183 4057 1417 4132 interrorem
1444 4058 1480 4130 dt
1500 4055 1694 4158 pluviam,
1719 4076 1800 4126 tau·

476 4149 512 4224 la
539 4149 694 4240 itidem,
727 4173 791 4222 cur
816 4150 978 4226 nubiluni
1005 4155 1223 4256 aliquando,
1258 4155 1450 4260 aliquando
1475 4156 1641 4232 serenum
1661 4153 1801 4228 'toeluut

478 4249 543 4339 stt,
569 4246 798 4348 exquiratur,
825 4248 991 4348 equidem
1017 4253 1069 4325 nil
1086 4254 1229 4348 habeo,
1255 4259 1353 4357 quod
1379 4277 1446 4359 pro
1473 4254 1563 4354 justa
1590 4254 1724 4331 horum
1751 4248 1803 4324 so·

433 4361 439 4370 '
477 4346 616 4461 lutione
635 4346 821 4422 venditare
835 4371 992 4463 queamj
1021 4354 1116 4451 quod
1143 4353 1167 4427 fi
1194 4379 1314 4430 tamen
1332 4355 1584 4455 coujedlutaa,
1612 4377 1693 4458 qua
1713 4346 1803 4427 milri

479 4445 623 4545 quidem
648 4470 869 4537 occurrunt,
895 4473 1051 4549 opumae
1075 4449 1227 4530 modeste
1255 4477 1456 4554 proponere
1482 4457 1602 4544 licet,
1630 4456 1685 4529 ita
1712 4449 1805 4526 arbi·

452 4559 585 4634 ,ποτε
621 4546 717 4645 quud
742 4545 941 4656 videlicet,
967 4573 1048 4622 aere
1075 4550 1113 4623 itt
1140 4551 1326 4627 tumulum
1350 4553 1517 4655 congesto
1545 4579 1609 4655 per
1639 4571 1805 4629 mutuum

480 4638 664 4717 occursum
681 4644 836 4722 duorum·
849 4668 1045 4725 uentorum
1062 4649 1390 4749 contrariaatiutu,
1416 4675 1500 4732 tutu
1529 4652 1744 4729 Mercurius
1771 4649 1808 4726 ir

1657 4751 1762 4827 bato
