3784 5459
495 273 592 342 112
829 221 1422 335 -Acun,

239 471 400 543 AlliErud.
424 473 543 529 autem
571 440 784 525 discriminis
810 436 905 511 inter
933 436 996 511 has
1022 435 1164 510 conicns
1183 429 1377 518 sessiones,
1405 420 1598 525 &quando
1611 419 1744 499 circuli

241 554 402 627 An.1689.
424 554 460 628 de
479 548 614 653 ellipses
642 570 709 647 prae
727 539 806 615 aliis
822 560 1059 638 generentur,
1086 534 1179 610 infra
1207 526 1407 643 apparebit.
1599 628 1607 642 .
1716 624 1723 638 ·

240 631 383 696 mehr·
475 662 551 743 (zo)
577 648 718 719 Planeta
743 640 833 713 idem
859 638 1048 708 attrabitur
1072 663 1095 705 a
1112 636 1186 706 Sole
1212 626 1455 716 diverstmode,
1482 622 1527 694 (9⁶
1544 626 1682 721 quidem
1708 651 1752 707 m,

426 754 601 851 duplicata
617 745 744 816 rarione
758 737 964 811 viciniarum
974 765 990 822 ;
1015 733 1067 805 ita
1078 754 1117 805 ut
1136 732 1232 806 idem
1249 726 1358 825 duplo
1377 725 1534 799 vicinior
1551 778 1563 816 ,
1590 724 1748 825 quadru-

427 854 488 954 pln
517 845 674 933 fortius,
708 838 820 938 triplo
846 834 1004 909 vicinior
1030 829 1212 930 noncuplo
1237 825 1366 931 fortius
1393 828 1435 902 ad
1461 824 1745 911 descendendum

426 946 546 1029 versus
563 944 682 1018 Solem
700 963 794 1012 nova
821 933 974 1034 quadam
992 929 1219 1031 impressione
1238 947 1409 1028 perpetuo
1426 924 1625 998 solicitetur
1643 979 1652 996 .
1679 929 1751 1013 Par

428 1071 481 1124 tet
501 1071 543 1120 eit
561 1037 792 1146 procedenti,
819 1031 934 1134 posito
954 1033 1140 1106 Planetam
1159 1026 1294 1142 ellipsin
1322 1024 1546 1115 describere,
1573 1050 1615 1111 ae
1633 1026 1747 1101 eircu-

427 1147 498 1225 lari
518 1139 746 1227 harmonice,
776 1161 817 1209 ac
836 1129 1196 1232 ptaetereacontinuo
1222 1124 1360 1226 impelli
1386 1124 1655 1199 versusSolem.
1681 1124 1748 1198 Vi·

304 1296 307 1301 >
427 1249 496 1324 deo
522 1244 614 1317 hanc
642 1233 920 1340 propositionem
949 1231 1119 1327 jamtum
1146 1228 1339 1302 innotuisse
1367 1224 1476 1299 etiam
1493 1222 1577 1298 viro
1594 1224 1753 1305 celeberr

428 1348 524 1420 rimo
542 1342 661 1418 Isaaeo
677 1341 896 1423 Newtono,
923 1353 963 1405 ut
978 1356 1033 1405 xeit
1058 1327 1234 1404 relatione
1252 1326 1433 1401 Assorum
1461 1348 1635 1424 apparet,
1661 1324 1746 1399 licet

427 1444 513 1522 inde
540 1466 614 1516 non
633 1436 758 1540 possim
775 1432 953 1531 judicare,
979 1427 1164 1531 quomodo
1190 1426 1330 1500 adeam
1356 1424 1579 1524 pervenerit.

478 1550 556 1633 (21)
583 1543 687 1613 Patet
714 1533 823 1607 etiam
843 1531 1100 1626 solicitationem
1121 1527 1312 1627 gravitatis
1344 1526 1379 1595 in
1401 1527 1579 1607 Psanrtam
1613 1524 1674 1616 effe
1699 1525 1752 1612 ad

429 1661 580 1716 conatum
597 1640 755 1719 Pinnata„
770 1630 994 1728 centrisitgum
1021 1628 1103 1719 (seu
1128 1623 1366 1702 excussorium
1394 1622 1526 1724 abipsa
1544 1623 1750 1699 circulatio·

430 1767 477 1817 ne
502 1734 712 1813 harmonica
738 1757 820 1807 eum
846 1732 1008 1829 rapiente
1034 1729 1072 1802 in
1096 1727 1221 1802 orbem
1249 1747 1355 1824 atque
1382 1722 1471 1799 adeo
1496 1746 1662 1809 exputete
1689 1750 1748 1798 co·

431 1862 541 1916 nante
559 1834 782 1938 professum)
810 1852 848 1903 ut
863 1828 1024 1917 distantia
1037 1830 1180 1925 presens
1195 1825 1298 1899 asili
1315 1824 1363 1896 ad
1379 1845 1535 1921 quartam
1548 1842 1682 1919 partem
1698 1826 1750 1896 sa·

432 1940 515 2012 reris
530 1935 611 2011 inssi
623 1935 771 2030 ellipsens
780 1931 996 2028 planetaria,
1019 1927 1079 2001 seu
1107 1951 1146 2001 ut
1166 1954 1185 1999 r
1202 1925 1245 2001 ad
1263 1951 1357 2014 at4,
1384 1950 1423 2009 ao
1433 1922 1582 2024 proinde
1592 1922 1750 1997 rationes

430 2037 512 2137 ipsae
527 2033 717 2136 gravitatis
744 2030 787 2103 ad
805 2050 974 2109 conatum
1002 2024 1242 2126 centtifugum
1269 2022 1350 2101 suut
1368 2024 1516 2126 planeta
1540 2020 1748 2113 distantiisa

430 2137 513 2209 Sole
541 2128 845 2233 proportionales.

446 2308 450 2315 ,
482 2242 563 2324 (az)
590 2230 751 2302 Velocirar
761 2229 905 2324 planeta·
928 2231 1019 2304 cirta
1035 2230 1141 2303 Solem
1159 2228 1282 2325 tibique
1304 2227 1411 2317 major
1426 2224 1473 2315 est
1489 2225 1669 2299 velocitate
1691 2243 1750 2321 pa-

433 2331 641 2418 racentri'ca,
668 2328 729 2402 hoc
743 2326 789 2412 est
805 2328 989 2400 accedendi
1013 2331 1061 2402 ad
1075 2332 1203 2419 Solem,
1229 2328 1399 2398 velabro
1417 2328 1595 2399 recedendi
1612 2381 1622 2400 .
1656 2327 1753 2399 Cum

434 2446 531 2522 enini
560 2442 602 2516 sit
629 2441 816 2516 circulatio
843 2441 888 2515 ad
906 2443 1187 2541 paracentticam
1215 2465 1253 2516 ut
1271 2443 1292 2513 b
1311 2441 1352 2515 ad
1369 2427 1547 2538 ,l’er--pp
1570 2449 1666 2540 (per
1687 2445 1756 2529 18,-

433 2545 524 2641 adde
546 2542 719 2617 calculum
738 2541 782 2619 ad
808 2553 878 2634 19)
907 2542 976 2615 erit
994 2541 1110 2641 major
1129 2542 1189 2614 illa
1218 2567 1323 2642 quam
1342 2540 1414 2615 hac
1433 2594 1444 2629 ,
1470 2539 1653 2634 libb-s-pp
1679 2564 1756 2611 ma·

434 2643 494 2746 jot
511 2667 617 2743 quam
634 2668 691 2732 ee,
716 2640 812 2741 quod
833 2641 956 2742 utique
974 2639 1038 2732 sit,
1065 2667 1145 2715 eum
1161 2642 1204 2713 bb
1224 2639 1340 2740 major
1356 2664 1457 2739 quam
1475 2665 1531 2726 ee,
1556 2636 1653 2710 seub
1673 2636 1756 2710 axis

436 2737 685 2829 transversus,
730 2765 837 2838 quam
862 2769 880 2813 e
907 2739 1072 2815 distantia
1098 2739 1287 2815 focorum.
1324 2739 1366 2815 ld
1391 2763 1477 2811 vero
1513 2738 1550 2809 in
1576 2732 1757 2834 ellipsibus

434 2837 644 2942 planetariis
662 2838 764 2929 nobis
786 2839 883 2912 notis
909 2839 1046 2939 semper
1063 2838 1276 2940 contingit,
1301 2865 1377 2939 quae
1394 2863 1467 2923 unu
1484 2835 1592 2936 usque
1620 2834 1709 2910 adeo
1736 2860 1759 2921 a

435 2939 579 3035 circulis
604 2934 793 3012 differunt.
1240 2994 1244 3027 ,

486 3046 564 3133 (23)
591 3038 634 3110 In
652 3037 795 3133 Aphelio
813 3040 850 3112 A
877 3038 1095 3113 &Perihelio
1120 3058 1175 3103 d-
1202 3038 1276 3115 sola
1302 3036 1350 3112 est
1367 3039 1540 3111 circulatio
1558 3035 1629 3111 sine
1645 3033 1757 3109 acces·

434 3136 475 3221 su
501 3139 536 3208 &
554 3137 705 3225 recessu,
732 3136 769 3209 in
785 3136 967 3211 Perihelio
985 3141 1150 3233 maxima,
1177 3139 1214 3213 in
1234 3143 1269 3213 A
1297 3137 1395 3211 helio
1412 3140 1571 3219 minimae
1599 3136 1758 3207 snmedin

435 3258 559 3309 autem
585 3235 733 3336 planeta
763 3234 925 3324 dissentia
952 3263 972 3311 a
998 3240 1080 3311 Sole
1107 3247 1215 3338 (qua
1243 3165 1295 3309 etl
1313 3230 1354 3312 'in
1382 3236 1461 3337 ipss
1486 3235 1658 3310 extremis
1685 3233 1758 3308 axis

436 3332 646 3425 transversi,
673 3332 821 3424 B&E)
844 3336 1019 3410 velocitas
1036 3340 1186 3410 accessus
1204 3337 1397 3410 retellusve
1419 3336 1467 3409 est
1494 3335 1535 3411 ad
1555 3333 1758 3409 circulatio-

436 3459 520 3508 nem
549 3432 586 3507 in
612 3432 753 3506 ratione
771 3431 942 3511 distantia
959 3435 1056 3510 inter
1076 3435 1196 3529 socos,
1222 3435 1266 3510 ad
1283 3460 1384 3509 axem
1400 3433 1673 3525 transversum,
1699 3431 1758 3505 seu

438 3561 457 3605 e
483 3532 525 3607 ad
543 3532 582 3605 b.
609 3532 666 3606 Ibi
685 3532 781 3606 enim
840 3534 1062 3610 evanescit.'
1758 3540 1764 3545 ’

489 3639 566 3723 (24)
592 3634 747 3731 Maxima
770 3555 822 3705 esl
842 3638 985 3729 planerae
1008 3637 1172 3709 velocitas
1195 3636 1377 3710 accedendi
1401 3637 1450 3707 ad
1473 3638 1609 3727 Solem,
1633 3634 1696 3706 ves
1719 3634 1763 3705 ab

439 3758 475 3804 en
492 3731 689 3815 recedendi,
717 3756 797 3804 cum
824 3736 923 3824 WO
947 3736 1007 3807 vel
1023 3739 1131 3827 XO,
1159 3735 1322 3811 distantia
1352 3736 1499 3835 planetae
1527 3763 1547 3810 a
1572 3735 1687 3823 Sole,
1714 3731 1763 3829 esl

441 3829 581 3930 aqualis
608 3829 761 3903 dimidio
778 3831 937 3933 ellipseos
961 3832 1066 3907 lateri
1086 3834 1209 3924 tesso,
1236 3834 1428 3909 tuncenim
1456 3842 1601 3936 (per19
1623 3833 1764 3920 uelit)

439 3927 483 4003 fit
497 3931 632 4001 ddi-:0
659 3952 740 4002 cum
757 3957 862 4006 rzaz
877 3959 917 4005 2.
946 3935 1074 4032 Itaque
1094 3930 1118 4005 fi
1138 3960 1180 4007 ex
1189 3935 1270 4008 Sole
1298 3940 1630 4035 tanquamcer'rtro,
1657 3931 1764 4007 dimi·

438 4028 503 4102 dio
530 4028 641 4123 latere
668 4030 767 4104 resin
784 4036 904 4121 ΘΝ,
929 4035 1101 4131 tanquam
1130 4034 1259 4124 radio,
1286 4033 1503 4108 describatur
1521 4033 1675 4107 circulus
1696 4087 1710 4124 ,
1734 4031 1762 4103 is

440 4126 578 4226 ellipsin·
595 4128 741 4226 planetae
769 4130 806 4202 in
824 4130 959 4205 duobus
986 4131 1126 4232 punssis
1154 4133 1317 4206 maximae
1347 4133 1599 4233 paracentticae
1627 4130 1764 4205 veloci·

411 4228 525 4325 ,tntis
545 4229 686 4302 wari(
699 4227 828 4304 secabit
844 4256 855 4317 3
874 4256 950 4331 quae
966 4229 1002 4302 in
1021 4257 1094 4303 nno
1115 4232 1216 4306 utW
1234 4232 1302 4306 erit
1318 4233 1530 4323 accedendi,
1554 4232 1592 4305 in
1605 4232 1766 4309 alternis

310 4328 334 4341 ”
388 4328 403 4383 J
438 4326 644 4401 recedendi.
669 4329 817 4399 Minima
834 4328 904 4400 sive
923 4330 1019 4402 nulla
1038 4330 1086 4402 est
1113 4330 1151 4404 iu
1171 4331 1331 4433 Aphelio
1349 4332 1597 4423 &Perihelio,
1625 4330 1696 4405 siiie
1725 4331 1765 4404 in

439 4425 565 4525 ellipsis
582 4449 735 4526 utroque
750 4425 887 4500 vertice
906 4430 942 4499 A
961 4429 996 4498 sle
1011 4448 1085 4500 -Λι,

454 4562 462 4585 ι
479 4532 566 4636 ’(25)
589 4529 737 4624 Semper
754 4522 791 4595 in
804 4522 936 4623 ellipli,
963 4525 1120 4624 adeoque
1137 4526 1171 4599 &
1183 4528 1315 4629 semper
1331 4534 1368 4604 i'n
1381 4534 1522 4631 planeta
1538 4554 1679 4607 conatus
1694 4559 1768 4605 cen-

437 4621 588 4720 trisrgns
615 4622 799 4699 recedendi
828 4650 846 4697 a
872 4622 986 4715 Sole,
1019 4620 1077 4697 seu
1107 4652 1254 4703 conatus
1281 4636 1497 4723 excussorius
1533 4636 1769 4708 circulariom's

511 4816 556 4895 ·
1628 4735 1713 4806 bar·
