3784 5459
459 306 1122 412 EruntroRUM.
1313 308 1374 452 Q

144 548 232 601 rum
265 548 304 600 ac
327 508 437 626 bruco
464 548 571 599 muco
594 521 664 599 five
692 522 828 599 reliduo
855 521 1024 627 pradisio
1058 521 1328 599 interveniente
1352 522 1391 598 in
1418 548 1454 598 a·
1473 532 1633 600 termut.

146 626 318 729 malgama
343 621 569 700 redasiorum
596 626 753 728 partibus
768 624 904 727 viginti
919 623 989 698 fuit
1007 623 1141 717 mixta,
1168 646 1360 729 totumque
1377 650 1454 725 per·
1472 620 1533 681 Aa.
1551 614 1636 725 ¹⁶⁸3

147 725 274 828 exigua
298 722 446 826 phialae,
469 751 583 829 pauco
609 725 700 799 vino
725 722 871 816 addito,
896 722 1111 817 immissum,
1136 748 1386 825 quaeaccuratc
1412 724 1453 801 fi·
1475 698 1520 760 M
1537 695 1637 756 Nm

144 826 261 928 gillata
286 852 370 902 cum
397 826 470 900 leni
495 823 610 900 calori
635 821 755 897 balnei
780 819 941 924 vaporoli
965 848 1027 925 pet
1052 823 1186 925 septem
1211 823 1317 898 horas
1344 826 1451 899 relin-

168 939 311 1000 uererut'
337 925 518 1028 expolita,
543 924 583 998 in
599 918 702 1014 vase,
728 921 893 998 abalneo
918 944 995 997 tum
1023 947 1185 1017 remoto,
1212 924 1362 999 materia
1378 950 1454 999 non

136 951 255 1101 ddum
271 1025 312 1098 in
322 1025 481 1100 colorem
490 1022 678 1099 candidum
696 1020 805 1098 inslar
821 1022 990 1097 tremoris
1007 1021 1132 1098 hordei
1150 1046 1305 1118 mutata,
1332 1023 1391 1099 sed
1408 1027 1453 1100 ad

134 1124 281 1202 rebium
290 1124 547 1225 quoqueinslat
556 1121 695 1199 balsami
703 1121 923 1224 satisliquidi
939 1122 974 1195 &
985 1122 1255 1227 probelaevigati
1268 1151 1313 1226 ap
1338 1126 1450 1201 aruit.

189 1222 465 1324 Experimentis
480 1223 571 1298 bisce
589 1220 788 1315 recensitis,
814 1221 1025 1298 ratiocinari
1043 1222 1086 1299 de
1103 1222 1226 1298 iisdem
1237 1150 1380 1302 nudor
1393 1251 1461 1340 εει·

136 1323 304 1427 gredieur
318 1375 331 1414 ‚
363 1321 459 1399 circa
486 1344 618 1400 terram
646 1322 751 1398 unice
784 1324 821 1397 8(
847 1321 932 1399 salia
960 1319 1151 1423 separata,
1174 1322 1212 1398 in
1238 1323 1545 1439 perlustratrs'pag.
1564 1345 1635 1423 614.

139 1422 409 1525 operationibus
434 1423 690 1517 occurrentia,
723 1444 944 1524 occupatus.
980 1425 1138 1498 Terram
1161 1423 1330 1524 liqurdem
1358 1450 1455 1498 com-

137 1546 376 1598 memoratam
404 1548 467 1598 nec
495 1546 629 1599 terram
656 1538 887 1600 communem
913 1524 1010 1614 esse,
1035 1550 1101 1600 nec
1127 1523 1284 1600 cinerem
1310 1525 1455 1599 combu-⁴

136 1620 258 1709 dum,
292 1621 349 1697 sed
377 1622 481 1698 aliam
508 1625 616 1724 longe
642 1603 776 1698 terrim
804 1623 918 1725 magis
945 1623 1132 1717 nobilem,
1166 1650 1187 1699 e
1215 1624 1455 1727 variisexpe·

141 1721 303 1813 timentis
329 1720 431 1823 supra
465 1724 668 1816 enarratis,
704 1749 804 1799 nono
831 1724 1050 1824 potillimum
1086 1729 1120 1799 &
1150 1725 1456 1816 decimosexto,

142 1823 296 1995 eolliqit.
323 1826 420 1897 Cum
440 1846 567 1917 arena,
594 1824 709 1898 veluti
732 1848 828 1900 terra
854 1820 941 1899 sicca
968 1826 1163 1927 ponderosa
1190 1830 1226 1902 δι
1252 1827 1382 1921 crassa,
1409 1826 1455 1900 ad
1521 1866 1524 1869 ·
1606 1824 1608 1829 ’

138 1919 225 1996 vitri
254 1921 407 1997 candum
434 1924 546 1999 solum
574 1946 687 2024 aptat
712 1948 793 2000 cum
822 1926 948 2026 argilla
975 1950 1040 2001 ceu
1067 1930 1163 2001 terra
1178 1926 1338 2018 viscosa,
1363 1924 1455 2001 cras·

134 2018 193 2113 sa,
218 2021 359 2110 tenati3
386 2026 422 2096 dt
449 2049 530 2097 cum
558 2023 671 2112 limo,
696 2046 791 2098 terra
816 2025 953 2113 sectili,
976 2025 1021 2098 de
1048 2026 1227 2123 principio
1253 2051 1367 2136 aquen
1393 2050 1456 2120 po·

132 2119 237 2211 tius,
261 2144 371 2219 quam
398 2144 519 2193 terreo
546 2119 812 2228 participante,
844 2119 935 2190 hanc
961 2121 1059 2190 suam
1083 2141 1218 2190 terram
1243 2120 1459 2287 philosophi·

135 2240 220 2290 eam
249 2234 484 2313 comparans,
509 2215 601 2285 limo
626 2212 711 2285 satta
726 2212 897 2302 similem,
921 2235 983 2286 aut
1010 2212 1124 2288 adbuc
1152 2214 1367 2287 nobiliorem
1399 2215 1459 2289 ub-

136 2313 329 2404 stantiam,
355 2311 508 2386 formalis
523 2309 752 2384 seminarium
780 2313 1094 2410 &receptaculum
1121 2311 1458 2389 immediatumtet·

134 2440 185 2490 rae
211 2438 305 2487 veru
331 2412 538 2512 virgincae,·
555 2410 704 2484 eandem
727 2408 893 2509 judicat,
919 2413 1002 2525 quia
1030 2413 1067 2485 dc
1094 2411 1155 2486 suli
1183 2410 1244 2485 suo
1264 2412 1392 2505 unita,
1417 2414 1456 2487 dc

133 2516 181 2590 ab
205 2540 251 2587 eo
275 2510 462 2613 separata,
489 2534 570 2584 curn
598 2509 700 2583 omni
726 2510 852 2608 spiritu
879 2512 985 2585 acido
1009 2509 1281 2604 fermentcscat,
1306 2538 1386 2587 cnm
1404 2512 1456 2588 sa·

131 2615 167 2688 le
193 2638 283 2688 vero
309 2636 522 2712 quocunque
550 2610 655 2684 acido
682 2609 905 2711 postmodum
933 2611 1162 2712 superaddito
1188 2611 1281 2687 baud
1301 2611 1453 2712 amplius

129 2712 325 2790 fermentet
353 2736 417 2785 nec
445 2733 667 2798 moveatur3
698 2684 840 2786 seddim
876 2733 996 2788 autem
1024 2712 1143 2788 denuo
1179 2710 1241 2786 sali
1267 2712 1454 2813 proprio,

130 2834 257 2887 totum
284 2811 495 2887 calcinatnm
522 2811 734 2924 qualitatem
769 2811 872 2886 alcali
908 2812 1109 2912 regenerati
1136 2836 1174 2887 re
1221 2835 1336 2904 tens,
1369 2836 1453 2885 curn

132 2911 247 2987 acidis
273 2936 398 3011 aeque,
432 2934 645 3007 acnprtmo,
677 2908 954 2983 fermentescat.
989 2911 1132 2986 Exinde
1182 2910 1455 2985 ermentarionis

130 3010 211 3103 nim
239 3009 278 3084 in
308 3007 404 3084 nulla
458 3008 606 3083 ualitate
628 3006 730 3083 alcali
752 3061 763 3097 ‚
789 3007 848 3082 sed
875 3009 913 3081 in
939 3007 1004 3082 hac
1031 3032 1126 3083 terra
1153 3008 1368 3099 confidere,
1395 3033 1455 3080 ne-

133 3137 203 3215 que
231 3108 395 3210 spiritum
423 3035 508 3201 sali,
536 3110 592 3182 sed
620 3108 703 3183 huic
730 3132 862 3196 terra,
888 3131 1059 3210 tanquam
1087 3108 1260 3183 consueto
1283 3105 1457 3180 suorece-

130 3212 298 3315 pratulo,
325 3207 486 3284 associari
496 3208 662 3300 deducit,
689 3206 938 3311 rationemque
964 3206 1117 3283 desumit
1143 3206 1277 3280 erroris
1302 3205 1458 3280 convin-r

133 3334 276 3386 centem
306 3363 317 3400 ‚
351 3309 453 3383 alcali
480 3330 609 3410 corpus
642 3309 748 3383 inane
783 3331 889 3411 atque
915 3330 1068 3384 vacuum
1102 3306 1212 3398 else,
1244 3304 1454 3405 cumprimis

134 3409 236 3510 qnod
261 3408 345 3481 hinc
371 3406 558 3506 sequatur,
581 3407 666 3481 salia
691 3410 726 3482 bt
754 3408 890 3481 cineres
915 3407 1017 3482 omni
1043 3408 1182 3482 virtute
1202 3404 1347 3507 ‘privata
1365 3405 1456 3496 esse,
1509 3468 1520 3488 ‚

134 3505 421 3608 repugnantibus
447 3529 567 3580 tamen
603 3528 680 3579 rum
709 3505 1001 3605 philosophorum
1029 3506 1253 3597 sententiis,
1285 3526 1369 3578 tum¹
1392 3528 1454 3577 ex·

126 3606 347 3729 patientia,
387 3626 469 3678 cum
495 3602 624 3699 salibus
649 3631 668 3678 e
695 3602 874 3679 cineribus
906 3604 1079 3681 extraslis
1113 3605 1205 3679 varii
1232 3605 1454 3707 depellantur

133 3705 282 3797 morbi,
309 3704 344 3778 8<
372 3703 553 3780 interdum
582 3729 602 3777 e
629 3703 806 3779 cineribus
830 3705 959 3807 plantas
986 3704 1260 3797 resuscitentur,
1283 3730 1393 3805 prout
1406 3704 1456 3779 se·

133 3807 219 3883 cisse
247 3804 455 3906 perhibetur
479 3805 643 3878 Alberrur
667 3807 851 3901 Magnus,
885 3804 1103 3905 eandemque
1138 3803 1373 3905 palingenestn
1401 3830 1455 3879 re·

137 3931 223 3981 cens
247 3906 376 3980 edocet
404 3903 597 3979 Kircberus
622 3906 822 3981 inmundo
848 3905 1080 3981 subterraneo
1104 3904 1164 3979 lib.
1176 3911 1208 3978 8.
1233 3903 1374 3980 stul.
1400 3929 1457 3978 cn·

133 4007 205 4110 pit.
222 4012 257 4079 8.
284 4003 437 4120 (potius
462 4005 522 4080 lib.
540 4029 594 4080 ra.
620 4003 745 4095 [εἰη.
772 4028 892 4106 cap.5.
917 4024 1087 4106 P³8·435⁶
1115 4002 1276 4107 &seqq.)
1301 4005 1389 4079 item
1400 4006 1457 4075 Lr'·

126 4107 267 4181 *bavius
291 4107 428 4204 Sturag.
456 4109 589 4181 Arcam
614 4104 749 4197 Chym.
775 4105 834 4178 lib.
857 4128 887 4199 ς.
913 4130 991 4206 cap.
1014 4112 1068 4179 18.
1104 4106 1255 4180 urticam
1282 4132 1302 4179 e
1328 4101 1457 4178 cineri-

127 4207 476 4296 busaQuercetano
485 4204 723 4281 resuscitatam
742 4202 920 4297 referens,
943 4209 1075 4307 aliique
1102 4206 1317 4282 abAuslore
1335 4197 1456 4275 citati.

135 4309 246 4383 Unde
264 4306 404 4380 cineres
421 4301 577 4393 acsalia,
597 4297 1458 4406 quamdiuabunbluososuolivespiritusemina·

136 4408 172 4485 li
196 4407 439 4491 comitentur,
466 4401 509 4479 de
532 4402 675 4507 integra
704 4405 810 4479 mirri
836 4405 973 4482 virtute
991 4404 1204 4509 participare
1223 4399 1359 4497 arguit.

188 4504 422 4584 Enumeratis
436 4501 567 4580 dehinc
586 4505 695 4579 variis
710 4505 981 4607 operationibus
997 4508 1093 4581 circa
1111 4497 1308 4575 hancsuam
1325 4519 1457 4572 tertam

137 4611 222 4713 igne
239 4605 377 4696 sublim·
389 4604 570 4680 concludit
588 4632 664 4682 eam
682 4607 893 4683 esseterram
912 4630 1015 4681 terrae
1032 4630 1072 4677 ac
1082 4596 1340 4695 receptaculum
1357 4597 1459 4698 spiri·

141 4735 200 4786 tus
217 4705 443 4799 uniuersalis,
470 4705 685 4806 quirirtute
712 4707 818 4795 fimili
846 4703 1054 4869 (seminaLli)
1081 4697 1329 4798 impraegnatus
1358 4696 1462 4773 caula

1069 4819 1087 4865 2
1335 4825 1411 4872 om·
