3784 5459
38 429 40 467 ³
182 405 392 493 Maximini
418 412 649 513 Imperatoris
676 415 792 515 capite
819 418 996 510 radiato,
1034 425 1208 522 cumbae
1235 424 1498 527 inscriptione:
1524 417 1686 488 Allssflls·

38 529 44 570 l
182 522 270 592 Ar.
288 525 328 589 K.
347 521 375 593 1.
395 519 613 591 OTHPOC.
633 517 966 593 MAEIMINOC.
994 521 1018 592 i.
1032 547 1061 593 e.
1087 524 1292 620 Imperator
1310 525 1427 602 Caesar
1443 533 1500 615 Ju.
1526 504 1585 566 ΛΠ·
1605 509 1689 579 ¹⁶9²·
1748 575 1751 584 ,

39 663 45 672 -
180 614 260 688 lius
283 619 398 691 Verus
425 614 678 703 Maximinus,
706 617 815 692 item:
843 621 1392 701 AMICOTAEAETOERAC
1419 631 1502 704 ΕΤ.

1526 577 1673 656 naman.

39 741 41 772 ²
179 718 310 791 CZH.
337 717 359 789 i.
372 741 401 789 e.
421 713 536 790 Amisi
552 714 670 789 liberae
688 711 784 791 anno
801 711 881 790 2'68.
908 720 1106 818 Comparet
1132 719 1170 792 in
1197 723 1323 796 coelem
1352 751 1502 802 nummo

39 841 42 848 ’
182 815 330 911 Apollo
347 815 469 889 sedens
489 872 498 909 ,
525 815 650 889 dextra
667 815 782 909 lyram
802 840 956 903 tenens3
982 817 1120 919 Serapis
1137 817 1256 911 stane,
1283 821 1409 898 dextra
1436 826 1502 926 spi'·

39 913 40 916 ’
179 937 247 987 cas
268 968 280 1005 ‚
308 913 442 989 finistra
459 914 619 988 lanceam
636 940 647 1002 3
678 914 769 989 infra
788 915 883 990 inter
900 916 1127 1016 utramquefi

175 1013 265 1086 imo
285 1044 294 1086 ε
325 1014 622 1095 AMtcHnmN
642 1016 938 1090 MthclnN.
965 1015 1121 1089 Nummi
1131 921 1436 1115 ibiblsoiiilibiri
1455 950 1501 1098 di

175 1110 324 1210 'duplici
344 1110 597 1187 Amisenorum
615 1137 682 1188 aera
701 1111 837 1187 disserit
854 1166 866 1203 ,
891 1138 1043 1213 quarum
1064 1114 1179 1229 prima
1197 1117 1325 1219 incipit
1341 1121 1385 1194 ab
1401 1133 1497 1195 anno

179 1210 336 1284 Periodi
355 1210 500 1298 Julianre
514 1219 621 1302 4667.
647 1215 693 1285 U.
710 1214 753 1287 C.
773 1238 855 1306 707.
882 1235 966 1285 ante
984 1212 1168 1288 Cbrrllum
1183 1241 1252 1305 47,
1279 1243 1358 1291 cum
1385 1220 1497 1304 Juliue

125 1373 127 1377 .
175 1310 308 1392 Caesar
324 1310 514 1385 Amisenot
540 1311 703 1384 libertate
722 1333 965 1408 remuneratur
982 1311 1059 1403 est,
1085 1313 1181 1426 quod
1211 1315 1403 1391 Pharnaces
1421 1319 1497 1392 Mi·

177 1407 461 1485 thridatisfilius
476 1409 652 1510 parricida
668 1409 882 1486 virilitatem
901 1408 972 1483 illis
989 1410 1191 1504 ademtffet,
1211 1438 1249 1488 ut
1269 1438 1394 1516 preter
1410 1418 1498 1491 alioe
1632 1440 1642 1452 ·

175 1507 333 1582 testatur
349 1509 459 1596 Dio;
485 1507 576 1606 apud
603 1533 740 1610 quem,
766 1510 827 1585 ubl
854 1510 896 1583 de
923 1508 1105 1584 Pharnace
1121 1512 1236 1612 agit,
1265 1540 1330 1614 pro
1342 1513 1501 1590 delerem
1560 1527 1562 1531 '

178 1608 377 1709 legendum
396 1607 444 1686 ell
459 1606 595 1692 e'er'rrpr
613 1607 790 1700 exsecuit,
816 1607 913 1711 quod
930 1608 1099 1682 baslenus
1124 1609 1162 1683 in
1184 1612 1310 1688 Dione
1337 1617 1497 1692 nondum

175 1707 423 1784 emaculatum
443 1710 648 1786 Toinardus
665 1709 843 1781 miratur.
873 1709 1001 1781 Altera
1017 1731 1135 1781 autem
1155 1710 1410 1789 Amisenorum
1427 1741 1494 1790 aera

178 1806 332 1890 ducitur
358 1808 401 1881 ab
428 1835 525 1886 anno
548 1805 687 1910 periodi
707 1806 851 1894 Julianae
867 1813 973 1901 4683.
1001 1810 1047 1879 U.
1058 1808 1102 1879 C.
1120 1834 1164 1897 72
1171 1835 1212 1903 3,
1228 1815 1371 1910 qnando
1389 1815 1494 1891 Arni.

178 1905 263 1979 seni
290 1931 419 1982 necato
443 1908 501 1982 vel
515 1903 660 2008 expulso
676 1908 853 1978 Stratone
870 1910 1049 1998 Tyranno
1073 1904 1276 1981 libertatem
1296 1909 1358 1986 sibi
1383 1913 1494 1988 armis
1515 1915 1519 1932 ²

177 2005 446 2119 qualivetunt.
472 2011 673 2105 Utramque
690 2029 795 2097 eram
813 2003 968 2076 nummis
984 2001 1190 2101 quibusdam
1208 2005 1376 2083 illustrat.
1402 2016 1495 2084 Ter-

180 2125 279 2186 tiam
296 2127 414 2178 autem
427 2104 680 2179 Amisenorum
700 2126 825 2192 aetam,
850 2126 957 2202 quam
972 2099 1105 2202 Pagina·
1116 2100 1155 2174 in
1174 2101 1341 2180 addendis
1357 2107 1400 2182 ad
1410 2110 1495 2184 Cri·

181 2204 299 2282 ticam
327 2204 481 2280 Baronia
510 2229 566 2277 am
601 2228 644 2276 ex
672 2225 823 2276 nummo
848 2201 1002 2300 quodam
1029 2198 1111 2276 AElii
1137 2201 1286 2278 Caesarie
1319 2199 1494 2294 adstruit,

178 2327 296 2404 'quent
324 2326 344 2376 e
394 2329 456 2377 aza
510 2302 587 2401 egia
613 2329 632 2375 a
656 2299 847 2375 Toinardo
873 2298 934 2372 srbi
962 2298 1200 2373 transmissum
1227 2302 1376 2396 laudat,
1402 2307 1494 2380 Toi-

179 2401 316 2476 'nardus
331 2330 405 2484 sasst
421 2428 461 2476 ar
486 2401 567 2475 uit.
594 2403 684 2473 Non
702 2397 894 2472 dissimulat
920 2395 1086 2497 quidem,
1112 2396 1147 2470 se
1164 2400 1211 2511 ad
1225 2402 1373 2503 Pagium
1389 2456 1401 2492 ,
1418 2429 1493 2502 quae

177 2499 220 2580 in
238 2500 387 2577 Criticz
404 2503 473 2580 Bar
499 2499 611 2576 nianae
638 2494 829 2611 appendice
855 2518 1120 2586 memorantur,
1135 2496 1338 2597 ,scripsrffe3
1366 2525 1492 2580 rerum

175 2599 303 2690 addit,
330 2599 364 2675 se
383 2598 584 2701 perliceret
606 2597 730 2672 Annei
756 2595 841 2670 dolo
861 2620 934 2668 non
954 2593 1049 2670 malo
1067 2596 1252 2694 deceptum
1271 2600 1490 2693 fuisst,>cum

176 2724 296 2798 neque
324 2701 365 2774 ad
393 2724 528 2801 gazam.
543 2696 726 2798 Regiam,
752 2720 864 2796 neque
890 2693 933 2769 ad
960 2692 1090 2767 AElium
1114 2694 1286 2771 Caesarem
1315 2695 1492 2782 numisma

179 2799 274 2874 illud
292 2799 491 2897 pertineat.
519 2795 789 2872 Animadvertit
816 2795 852 2867 bt
870 2790 1048 2865 Holslcnii
1066 2818 1246 2887 errorem,
1272 2798 1334 2898 qui
1361 2799 1397 2874 in
1426 2825 1491 2872 no·
1555 2854 1558 2860 .

178 2895 234 2969 tis
257 2896 300 2970 ad
326 2896 545 2996 Stephanum
570 2895 613 2970 de
639 2893 795 2969 Urbibus
829 2916 920 2966 voce
946 2889 1061 2972 Αμισυέ
1085 2896 1277 2968 Caracalla
1303 2919 1492 2994 nummum

179 2993 323 3087 refert,
351 2994 465 3070 Amisi
492 2993 642 3074 cusum.
668 2992 801 3106 inquo
827 2989 879 3063 ait
905 2989 973 3064 esse
999 2990 1121 3065 literas
1147 2994 1274 3097 ΘΝΕ
1291 3039 1313 3084 ,·
1330 3017 1411 3068 cum
1436 3017 1493 3070 ra.

178 3117 265 3172 men
284 3094 423 3170 numeri
440 3092 496 3167 isli
523 3089 643 3168 neutri
661 3086 917 3169 Amisenorum
934 3114 1008 3167 aerae
1026 3090 1264 3184 conveniant,
1289 3092 1326 3164 &
1344 3092 1415 3193 leg-i
1431 3095 1493 3169 de·

174 3195 261 3267 beat
288 3198 443 3284 CME,
468 3191 527 3268 seu
545 3218 625 3291 245.

231 3299 275 3372 ln
294 3294 389 3368 notis
416 3293 458 3367 ad
474 3316 579 3392 caput
601 3313 665 3382 ις,
690 3286 834 3365 Eusebil
854 3289 975 3364 locum
1003 3315 1048 3365 ex
1064 3287 1125 3363 lib.
1144 3293 1177 3360 8.
1197 3286 1489 3367 Hist.Eccl.c.1.

177 3391 358 3481 adducit,
385 3416 534 3491 cumque
552 3415 664 3489 neque
681 3414 700 3460 a
718 3387 864 3461 Christo
890 3388 1067 3477 horsono,
1094 3407 1207 3487 neque
1234 3386 1412 3463 aValefio
1437 3415 1491 3465 re·

175 3492 241 3568 &e
267 3489 490 3564 intelleblum
514 3513 622 3588 atque
647 3485 824 3559 redditum
841 3414 1020 3559 oilendit.
1047 3488 1092 3559 ln
1109 3511 1186 3583 cap.
1213 3511 1266 3576 ¹7·
1283 3487 1491 3581 Laclantii,

179 3616 251 3691 pn·
276 3589 355 3689 ripa
380 3587 506 3687 Strigae
532 3613 570 3659 re
620 3583 658 3656 ni
684 3581 782 3681 cnpir
805 3582 919 3682 ripam
937 3583 1097 3657 Istricam
1121 3582 1179 3655 seu
1207 3587 1460 3662 Danubianam
1480 3641 1489 3662 .
1511 3619 1581 3704 p„
1604 3641 1668 3685 ,Q

165 3693 315 3804 ¹Neque
329 3687 430 3761 enim
447 3612 638 3785 acquiescit
665 3677 702 3756 in
720 3683 861 3753 Hearici
876 3681 1290 3780 Dadwelllconjeslura,
1307 3709 1432 3787 quam·
1449 3687 1488 3759 in

180 3790 290 3867 Astra
304 3785 433 3861 nostris
459 3788 506 3862 A.
520 3790 623 3876 1685.
650 3781 757 3855 mens.
775 3785 854 3868 Jun.
883 3806 960 3882 pag.
981 3790 1062 3853 266.
1084 3783 1343 3858 recensuimus.
1369 3786 1488 3876 Quale
1509 3795 1671 3860 Ed.AAor.'

178 3915 300 3967 autern
326 3885 416 3972 illud
443 3881 667 3976 Diocletiani
693 3880 764 3954 iter
790 3906 810 3954 a
836 3879 1027 3956 Lassantio
1043 3878 1255 3980 descriptum
1272 3883 1413 3973 fuerit,
1440 3908 1486 3955 ex

174 3985 374 4067 Itinerario
400 3981 586 4059 Antonini
607 4005 651 4055 ex
678 3977 857 4054 licandum
892 3978 1008 4053 censet
1034 3979 1239 4056 Toinatdus
1266 4034 1277 4070 ,
1310 3978 1411 4077 coint,
1435 3980 1490 4053 rei

176 4086 298 4192 gratia
325 4083 506 4183 integrum
533 4081 634 4156 illum
653 4007 774 4153 boum
801 4079 843 4152 de
868 4078 1001 4179 duplici
1018 4078 1148 4154 itinere
1174 4076 1419 4153 aViminacio
1445 4078 1489 4152 ad

101 4207 105 4214 '
174 4183 436 4263 Nicomediam
463 4203 506 4254 ex
522 4177 705 4256 Antonini
727 4176 921 4250 Itinerario
938 4178 1131 4269 describit,
1160 4181 1195 4251 8c
1214 4175 1396 4249 concludit
1422 4176 1491 4249 cir·

66 4364 68 4366 .
179 4286 319 4364 cuitum
348 4281 432 4380 ripe
457 4276 612 4377 Strigae,
638 4299 819 4375 perquem
847 4275 1099 4351 Diocletianus
1124 4279 1299 4347 Ravenna
1316 4272 1488 4348 Nicome-

179 4386 279 4464 diam
295 4380 426 4468 venit,
452 4375 545 4452 nihil
571 4373 667 4451 aliud
692 4375 760 4450 else
785 4398 892 4487 quam
909 4370 1154 4450 varioeflexus
1173 4369 1253 4443 lstri
1279 4369 1337 4443 seu
1361 4374 1489 4448 Danu·

183 4485 236 4560 bii
254 4479 452 4558 inferioris.
479 4480 531 4551 Et
546 4472 637 4549 banc
679 4475 862 4547 almanam
877 4472 1164 4549 observationem
1182 4489 1361 4566 acceptam
1379 4470 1488 4548 refert

182 4580 421 4680 illustrissimo
431 4574 573 4652 cuidam
598 4499 762 4664 Abbati,
786 4571 913 4673 inquo
939 4590 1066 4672 praeter
1092 4562 1296 4665 stupendam
1319 4572 1489 4646 eruditio·

1354 4694 1436 4743 nem
