3784 5459
528 213 1181 322 Eauutaoauu.
1341 249 1432 350 am

201 429 318 506 adhuc
335 429 528 507 minorem.
556 430 668 525 Quod
690 429 738 505 est
757 427 964 512 absurdum.
990 424 1107 502 Initio
1122 427 1218 504 enim
1237 435 1275 509 A
1290 457 1366 509 erat
1383 434 1525 511 tantuin
1548 422 1708 491 ΛΜΝ·

202 529 382 604 elevatum
399 532 443 608 ad
461 529 584 631 pedem
600 558 613 604 ι
635 528 714 633 ipso
731 533 760 604 B
778 525 947 602 existente
965 526 1003 600 in
1022 525 1235 617 horizonte3
1263 558 1358 608 nunc
1380 532 1524 608 veroin
1548 510 1705 650 *Mum

187 624 294 701 slata
311 626 408 705 finali
426 682 438 722 ,
465 634 495 705 B
513 629 678 706 restituto
695 630 738 707 ad
756 628 984 702 horizontem
1002 678 1015 716 ‚
1041 631 1076 698 A
1094 651 1168 700 nou
1185 625 1388 708 restitutum
1407 632 1455 709 est
1482 631 1547 708 ad‘
1671 604 1680 658 ³

202 727 328 827 pedem
350 754 363 801 r
386 729 482 830 quod
501 730 546 805 ad
561 728 740 802 summurn
752 724 829 800 lieri
850 746 990 824 poterat
1008 725 1155 800 remotis
1172 726 1525 821 accidentalibusim·

203 825 420 939 pedimentis
429 848 448 919 ,’
467 827 525 903 sed
545 824 701 902 ascendit
713 825 754 900 ad
766 828 867 925 pedes
878 822 954 923 plus
970 848 1076 924 quana
1090 852 1107 921 3
1120 825 1273 928 &prope
1289 855 1330 918 4.
1356 832 1470 930 quue
1487 833 1528 906 vi

201 925 308 1026 apsrus
325 924 505 1003 descensus
520 924 575 1001 sui
591 952 635 999 ex
653 924 758 999 unico
776 923 840 997 illo
860 923 971 1023 pede,
997 922 1081 997 licet
1101 949 1161 1025 per
1179 924 1428 1027 interposrturn
1446 926 1526 1005 cor·

202 1046 269 1125 pus
285 1030 348 1116 B,
374 1024 469 1126 quod
495 1049 615 1103 tamen
641 1024 773 1123 nullam
792 1047 926 1098 nouam
950 1020 1028 1096 vim
1056 1022 1312 1117 contribuisse,
1339 1027 1395 1102 sed
1413 1027 1524 1104 solam

181 1124 283 1198 uim
304 1123 407 1222 ipsius
430 1123 638 1201 A-habuisse
654 1120 922 1237 supposuimus.
949 1125 1008 1196 Ita
1021 1147 1122 1224 pene
1148 1122 1295 1225 triplum
1319 1126 1453 1202 uirium
1473 1130 1526 1204 lu·

205 1222 300 1299 crati
316 1223 460 1315 sumus,
484 1226 520 1297 δι
538 1247 578 1297 ιιι
594 1223 645 1299 ita
663 1222 800 1315 dream,
826 1248 870 1295 ex
887 1221 1009 1296 ‘nihilo
1035 1221 1223 1298 eduximus
1240 1224 1353 1326 a'quae
1379 1226 1525 1327 quidem

213 1322 359 1398 absurda
377 1325 443 1397 else
460 1349 568 1398 nemo
591 1322 795 1424 intelligens
810 1320 1050 1398 diffitebitur.
1079 1324 1160 1396 Nec
1175 1320 1248 1423 jam
1271 1349 1390 1399 motus
1406 1352 1527 1428 perpe·=

208 1444 289 1496 tuus
301 1420 407 1523 longe
424 1421 704 1523 quaerendusest.
733 1421 854 1497 Facile
865 1422 962 1496 enim
973 1417 1192 1515 ellefficere',
1218 1446 1259 1497 ut
1286 1424 1410 1526 globus
1427 1430 1464 1503 A
1481 1452 1527 1501 ιιι

206 1521 400 1612 loco4A‚
424 1521 545 1598 redeat
562 1521 901 1622 adprimumlocum
926 1549 939 1594 1
956 1524 1013 1613 A,
1039 1520 1182 1621 &prius
1198 1521 1397 1617 initinere,
1421 1520 1529 1614 (curia

162 1678 166 1685 .
206 1616 342 1718 lapsum
354 1619 487 1697 babeat
498 1648 608 1723 prope
626 1619 736 1696 trium
748 1619 898 1723 pedum)
925 1619 1094 1697 effebium
1104 1620 1260 1723 aliquem
1277 1623 1528 1698 mechanicam

204 1719 360 1819 psallet:
381 1720 458 1796 alia
486 1723 643 1821 pondera
669 1723 806 1814 elevet,
833 1718 1015 1795 machinas
1041 1719 1281 1825 circumagat,
1308 1722 1529 1799 &arsimu-

205 1838 331 1919 terque
346 1820 473 1921 globus
491 1827 543 1914 B,
566 1821 707 1896 filocus
732 1825 794 1913 4B
822 1820 968 1897 tantillo
995 1819 1103 1895 altior
1130 1846 1284 1922 ponatur
1307 1821 1529 1914 horizonte,

204 1916 352 2000 iuterim
379 1922 489 2011 (dum
509 1927 542 1995 A
562 1916 655 1997 redit
677 1920 722 1997 ad
742 1949 756 1994 1
773 1925 834 2014 A)
863 1920 979 1994 redire
1004 1921 1224 1998 decurrendo
1242 1922 1377 2022 poterit
1405 1922 1448 1998 ad
1476 1923 1580 1996 loe-⁷·-

203 2042 286 2093 cum
320 2024 400 2106 1133
426 2023 585 2116 adeoque
612 2019 930 2090 omniafredibunt
953 2017 997 2088 ad
1021 2015 1149 2089 statum
1176 2021 1333 2116 priorem
1361 2071 1373 2109 ‚
1399 2019 1531 2094 efferta

212 2137 336 2189 tamen
355 2116 564 2191 mechanico
591 2113 745 2188 notabili
796 2139 834 2187 er
860 2108 1212 2226 supererogationem
1230 2116 1394 2216 peraeloa
1421 2115 1532 2192 idem·

209 2238 280 2313 que
300 2239 409 2313 porro
426 2212 541 2313 repeti
616 2214 704 2288 terit
730 2139 840 2287 laius.
869 2214 960 2307 Quat
986 2235 1040 2286 utt
1068 2238 1110 2287 ue
1133 2212 1223 2307 ferri
1250 2236 1324 2289 non
1352 2214 1532 2314 poil'unt'.

208 2313 310 2388 Hinc
338 2336 377 2389 ut
403 2313 522 2388 obiter
547 2315 687 2405 dcam,
714 2338 758 2386 err
786 2309 969 2387 Methodo
995 2237 1113 2387 nahra
1139 2311 1300 2413 prasenti
1325 2366 1337 2405 ,
1363 2313 1534 2389 invento·

207 2435 265 2484 res
292 2436 411 2487 motus
439 2409 666 2512 perpetuiin
692 2409 843 2510 speciem
870 2410 1063 2509 plausibilis
1090 2413 1300 2512 plerumque
1327 2413 1533 2512 prabebant

210 2509 432 2586 occasionem
460 2535 642 2585 novorum
667 2507 965 2602 theorematum,
991 2507 1118 2680 ‹puibus
1144 2506 1283 2586 fallacia
1307 2510 1495 2614 detegetur
1519 2564 1534 2617 ἃ
1611 2546 1614 2555 ·

90 2638 98 2643 ·
211 2608 429 2686 ostendendo
455 2619 470 2702 (
495 2608 651 2711 quodam
668 2632 717 2709 ,ut
743 2610 795 2684 ita
822 2608 937 2684 dicam
966 2616 1000 2680 Α
1009 2617 1120 2707 gelre
1133 2611 1338 2689 Methanicae
1362 2621 1534 2710 genere)

205 2712 421 2806 aquationem
448 2711 620 2793 latentem
646 2710 735 2784 inter
760 2711 894 2806 causam
921 2707 967 2780 (θ’
992 2708 1165 2804 effeiium,
1192 2710 1288 2786 nulla
1314 2712 1390 2787 arte
1417 2709 1533 2786 uiola·

209 2809 337 2884 bile-m.
364 2809 419 2884 Et
434 2806 635 2905 hujusmodi
651 2808 816 2909 AEquatio
834 2808 936 2883 nobis
952 2835 1095 2922 quoque
1115 2809 1184 2884 boc
1201 2811 1284 2884 loco
1301 2808 1460 2912 profuit,
1486 2808 1533 2884 ad

213 2932 318 2982 veras
345 2906 591 2982 translationis
611 2931 775 2981 motuum
802 2907 895 3007 leges
922 2906 1172 2982 inuenrendas.
1199 2911 1325 3021 ltaque
1343 2908 1533 2983 dicendum

209 3003 258 3081 est
285 3060 297 3098 ‚
334 3011 405 3096 B(
431 3006 534 3087 unius
560 3006 657 3080 librae
683 3016 698 3095 )
725 3005 749 3078 fi
776 3002 919 3079 deberet
947 3006 1107 3106 accipere
1140 3028 1340 3107 potentiam
1368 3005 1471 3106 ipsius
1497 3011 1535 3082 A
1556 3016 1628 3102 Pag.
1648 3038 1714 3100 ²37·

213 3116 391 3207 (quatuor
410 3106 606 3197 librarum)
629 3104 688 3178 seu
707 3103 731 3179 fi
748 3104 900 3204 A'quod
929 3104 1026 3204 prius
1042 3103 1155 3179 solum
1175 3106 1407 3196 movebatur,
1433 3104 1534 3180 debe·

212 3231 269 3282 ret
296 3206 412 3306 redigi
438 3206 482 3281 ad
507 3206 668 3306 quietem
695 3256 707 3297 ,
744 3227 848 3278 motu
876 3201 947 3298 jam
974 3202 1087 3277 solum
1117 3202 1289 3276 exiliente
1315 3204 1354 3277 in
1381 3207 1411 3278 B
1437 3208 1533 3305 quod

217 3304 315 3403 prius
333 3307 544 3405 quieverata
571 3326 713 3379 remoto
728 3303 832 3377 omni
848 3304 920 3378 alio
936 3324 1062 3405 agente
1072 3303 1132 3375 u'el
1149 3302 1329 3402 patiente,
1355 3303 1452 3402 quod
1470 3306 1534 3384 alit

217 3400 556 3502 quamnouamvim
573 3400 701 3498 addat,
727 3403 784 3474 uel
793 3424 930 3500 partem
949 3401 1077 3500 prioris
1087 3400 1291 3493 absorbent,
1318 3423 1403 3474 tunc
1422 3406 1535 3479 Bnon

218 3497 286 3577 nifi
305 3500 449 3614 duplam
470 3498 596 3572 debere
624 3497 782 3598 accipere
809 3499 1029 3599 celeritatem
1059 3498 1131 3596 ejus
1157 3494 1267 3601 quam'
1290 3499 1461 3576 habuerat
1490 3508 1536 3576 A.

217 3603 276 3676 Ita
305 3624 403 3674 emm
424 3602 455 3675 Β
474 3622 548 3672 non
565 3594 629 3672 nib
647 3595 691 3671 ad
710 3623 736 3688 4
763 3594 866 3696 pedes
892 3595 1084 3672 ascendere
1103 3595 1258 3703 poterit,
1284 3596 1348 3675 nec
1367 3604 1403 3678 A
1430 3600 1537 3692 (litet

216 3697 383 3777 stateram
400 3696 589 3797 adhibeas)
615 3694 752 3771 restitui
779 3692 844 3770 nisa
862 3694 906 3771 ad
934 3722 1066 3790 unum,
1092 3720 1158 3772 nec
1185 3698 1333 3798 proinde
1360 3701 1430 3776 tale
1447 3701 1539 3776 orie·

218 3824 279 3876 tur
297 3800 508 3891 absurdum,
534 3820 574 3871 ut
590 3794 698 3871 slatus
716 3793 889 3897 posterior
904 3795 964 3872 seu
980 3797 1125 3872 effertus
1141 3795 1204 3872 liat
1223 3800 1343 3903 potior
1361 3800 1461 3877 causa
1480 3801 1539 3875 seu

216 3890 521 4001 ilaruexquosuit
537 3919 661 3987 natus,
686 3894 744 3972 sed
754 3895 876 3971 omnia
894 3894 1033 3997 praecise
1050 3894 1387 4000 compensabuntur.
1415 3902 1542 3997 itaque

221 3999 347 4072 eadem
364 4023 470 4097 opera
481 3995 713 4071 conclusimus
729 3994 1096 4089 contraCarttstanos,
1123 4024 1184 4070 non
1197 4000 1328 4098 semper
1336 4001 1453 4073 debere
1468 4022 1546 4068 cau·

217 4098 358 4195 servari
383 4101 604 4191 quantitatem
628 4117 752 4195 motus.
765 4180 767 4183 v
779 4098 875 4169 Cum
894 4095 989 4169 enim
1010 4096 1105 4198 prius
1122 4101 1159 4175 A
1176 4100 1344 4172 exiliente
1361 4098 1399 4171 in
1420 4098 1544 4186 motu,

223 4198 444 4272 haberemus·
463 4214 593 4293 corpus
607 4217 646 4266 ut
663 4224 687 4285 4
704 4193 886 4295 celeritate
929 4194 1090 4272 raditum
1110 4220 1148 4272 ut
1167 4207 1329 4284 rr‘nunc
1347 4191 1544 4294 posttrana-

219 4299 401 4388 lationem
438 4292 608 4369 habemus
644 4317 771 4393 corpus
810 4318 825 4365 ι
862 4222 1044 4370 celeritate
1103 4296 1264 4371 raditum
1301 4316 1340 4367 ut
1369 4294 1544 4378 a;unde

221 4395 404 4500 quantitas
421 4418 541 4469 motus
558 4391 596 4466 in
614 4390 804 4492 posteriore
823 4418 941 4469 rerum
958 4322 1106 4471 statarii
1127 4416 1268 4467 tantum
1288 4390 1436 4491 dimidia
1448 4392 1544 4492 prio-

220 4504 288 4577 ris.
315 4500 437 4570 Erunt
456 4495 519 4569 alii
546 4488 643 4567 casus
669 4544 682 4585 ‚
708 4492 767 4567 ubi
794 4494 982 4609 augebitur
997 4493 1343 4596 quantitasmotus.
1372 4490 1549 4594 Idemque

222 4603 271 4681 est
292 4597 332 4675 in
348 4596 427 4676 aliis
445 4592 608 4697 plurimis
624 4591 916 4673 translationibus
932 4594 1092 4681 viriam,
1117 4588 1365 4697 dumcorpara
1383 4591 1420 4705 ip
1437 4590 1476 4665 se
1493 4591 1546 4666 int

267 4738 269 4743 ·
1379 4714 1498 4768 urcem
