3784 5459
545 234 668 370 [464
820 265 861 326 .·
926 213 975 318 A
1053 242 1200 328 egr
1286 243 1318 313 a

298 440 460 514 auarus
484 438 685 541 periturin
713 432 802 510 foetu
830 432 924 509 inter
953 451 1092 506 tortam
1121 423 1391 518 descendentem
1410 425 1634 506 &arteriam
1656 437 1778 536 pulmo,

299 524 457 611 ΛΜΨ·
480 542 624 626 nalema
660 535 719 612 sed
742 534 781 607 in
808 528 981 608 testudine
1009 527 1141 603 arteria
1167 526 1239 602 hare
1257 523 1595 622 communicationis
1619 559 1697 610 'nou
1722 540 1774 615 nili

302 598 348 663 Μ’
369 599 455 672 ΜΨ
476 639 515 714 in
543 661 669 713 ventre
695 658 777 707 cum
803 654 905 707 aorta
932 625 1155 701 recoalescit.
1550 659 1553 664 Α

502 734 759 814 'Ventriculus
785 730 922 804 medius
949 725 1083 800 nullam
1111 721 1250 824 prorsus
1277 723 1405 826 recipit
1432 751 1560 801 venam
1586 783 1599 820 ,
1630 733 1665 805 8r
1690 735 1771 833 prin.

478 838 610 938 cipium
638 857 779 907 tantum
806 828 893 903 sacit
921 823 1059 900 arteria
1087 824 1337 923 pulmonalis3
1380 849 1507 900 contra
1531 853 1626 902 vero
1653 835 1769 907 ventri·
1816 895 1825 916 ,

476 939 573 1012 culus
599 931 731 1007 linisset
758 926 886 1026 recipit
922 947 1052 1000 venam
1088 923 1367 1024 pulmonalem,
1408 925 1610 1027 nulliusque
1647 934 1766 1032 arteria

475 1032 692 1137 principium
719 1026 855 1103 existit.
1665 1099 1668 1108 ,

525 1133 582 1209 Sic
610 1127 829 1204 ventriculus
854 1122 987 1198 sinister
1013 1123 1131 1199 cordis
1157 1125 1254 1200 nulla
1281 1123 1412 1199 arteria
1437 1124 1594 1223 gaudet,
1623 1131 1762 1230 quaepol-

475 1231 518 1306 fit
545 1228 714 1305 revehere
740 1223 970 1325 sanguinem,
996 1249 1103 1324 quem
1131 1225 1203 1299 reci
1229 1224 1258 1296 it
1285 1247 1327 1298 ex
1354 1248 1447 1297 vena
1473 1224 1668 1322 pulmonali
1692 1260 1703 1296 :
1733 1231 1761 1303 dr
1845 1245 1847 1252 “

474 1335 663 1430 propterea
692 1327 825 1398 necesse
853 1321 921 1414 est,
947 1348 987 1396 ut
1013 1320 1153 1422 sanguis
1181 1251 1345 1398 adveslus
1373 1348 1434 1423 pet
1462 1322 1552 1396 hanc
1578 1350 1701 1399 venam
1728 1328 1760 1401 iu

474 1424 717 1502 ventriculum
745 1421 921 1497 sinistrum
948 1420 1065 1495 cordis
1091 1423 1258 1521 pervadat
1285 1420 1446 1497 foramen
1483 1423 1585 1495 ovale
1621 1425 1656 1496 in
1683 1452 1753 1501 veo·

471 1525 643 1599 triculum
670 1525 867 1616 dextrum,
894 1548 967 1594 non
993 1518 1208 1596 obstantibus
1234 1518 1366 1595 duabus
1391 1520 1578 1611 valvulis,
1604 1548 1674 1623 qua
1697 1524 1756 1598 ori·

472 1620 596 1700 ficium
622 1621 809 1699 foraminis
836 1619 1054 1696 custodiunt.
1450 1707 1455 1714 ι

525 1722 661 1814 Ansam
689 1721 800 1835 igitur
826 1720 996 1795 habemus
1022 1719 1217 1810 credendi,
1252 1715 1348 1830 quod
1376 1718 1415 1791 in
1440 1719 1530 1796 soetu
1558 1719 1710 1821 portius
1744 1765 1756 1781 ·

475 1813 629 1924 guinis,
664 1847 727 1919 qut
753 1819 919 1904 venitin
946 1819 1187 1894 ventriculum
1215 1814 1389 1889 srmstrum
1418 1822 1534 1895 cordis
1562 1847 1621 1919 per
1644 1848 1754 1897 venam

473 1920 735 2024 pulmonalem,
762 1918 794 1990 se
821 1918 1133 1997 etiamtransserat
1144 1914 1373 2018 perforamen
1384 1919 1486 2014 orale
1498 1919 1535 1991 in
1563 1945 1681 1993 venam
1705 1945 1752 1994 ca·

473 2046 579 2111 vam,
605 2017 697 2094 nihil
726 2017 941 2118 impediente
970 2017 1131 2107 valvula,
1157 2042 1232 2116 quae
1260 2039 1357 2092 extat
1385 2015 1424 2088 in
1451 2011 1753 2116 introituhujuslo

472 2119 640 2208 reminis,
666 2117 795 2218 absque
824 2139 863 2198 ur
880 2115 1101 2214 ingrediatur
1119 2113 1360 2187 ventriculum
1377 2113 1560 2191 srnilltum.
1588 2116 1751 2216 Quoniam

472 2217 606 2291 etenim
631 2215 795 2296 foramen
832 2215 934 2289 ovale
962 2213 1144 2288 testudinis
1171 2239 1244 2287 non
1273 2212 1393 2286 differt
1420 2242 1440 2287 a
1465 2214 1638 2292 foramine
1663 2213 1752 2290 suetus

470 2316 534 2388 nis
551 2315 691 2394 ratione
719 2313 821 2405 fitur,
848 2317 883 2387 δι
910 2313 995 2413 quia
1023 2313 1156 2389 diresle
1184 2310 1370 2412 respondet
1398 2340 1494 2391 venae
1522 2311 1751 2414 pulmonaliin

471 2436 643 2514 utroque3
673 2437 800 2512 magna
828 2412 1056 2512 probabilitas
1083 2411 1151 2503 est,
1179 2409 1218 2486 in
1243 2410 1335 2486 stetu
1360 2411 1396 2490 δι
1423 2412 1462 2487 in
1490 2413 1658 2491 testudine
1682 2436 1750 2486 euu-

469 2513 551 2590 dem
576 2512 740 2588 obtinete
767 2510 884 2588 usum.

290 2690 1757 2796 Pag.234amsmsuaensamseawmsmmmsamsmwm

478 2861 484 2968 j
550 2836 968 2947 SOLUTIO
1026 2836 1688 3005 PROBLEMATIS
1845 2919 1846 2948 ι

467 3039 765 3127 CARTESIO
809 3040 1111 3156 PROPOSITI
1157 3042 1260 3129 DN,
1311 3043 1404 3127 DE
1451 3039 1757 3141 BEAUNE,
1844 3167 1845 3172 Ν

615 3234 813 3338 Ex'lribita
844 3257 1015 3367 ajon.
1047 3260 1367 3345 Bennouttt
1401 3255 1628 3370 Basileenfi.
1758 3295 1765 3302 ·

478 3461 482 3470 ’
550 3471 556 3480 ’
594 3469 606 3480 “’
676 3469 704 3480 “’
738 3465 868 3582 ’.ΙῘῖιίσ
893 3469 1082 3557 Carresium
1110 3471 1215 3571 epist.
1244 3501 1301 3569 79.
1329 3495 1406 3550 rom.
1436 3503 1468 3572 3.

469 3682 644 3854 PRima
672 3711 749 3760 mea
775 3684 878 3786 hujus
905 3688 1134 3787 problematis
1166 3690 1335 3785 solutio,
1368 3719 1446 3794 quae
1471 3687 1649 3792 reperitur
1673 3685 1759 3764 teilo

562 3784 706 3859 nomine
734 3785 772 3858 in
799 3786 930 3870 Diario
959 3789 1103 3864 Gallico
1129 3785 1279 3888 34'anni
1306 3792 1429 3892 elapfi,
1456 3788 1761 3888 nonminusquam

463 3884 640 3975 Fratris,
680 3884 743 3984 qui
775 3884 873 3961 suam
905 3886 999 3980 mihi
1034 3912 1111 3961 tum
1147 3914 1221 3964 tem
1245 3883 1317 3964 oris
1352 3890 1490 3966 Parisiis
1528 3884 1763 3962 commoranti

465 3983 726 4077 transmiserat,
750 3982 915 4099 supponit
941 3985 1195 4100 quadraturam
1220 3916 1324 4092 spatii
1352 3985 1598 4090 hyperbolici3
1625 3986 1662 4061 id
1677 3984 1765 4087 quod

463 4080 765 4158 construslionem
792 4112 829 4158 m
866 4111 968 4186 praxi
1002 4086 1250 4188 impossibilem
1280 4088 1435 4165 reddit.
1473 4091 1534 4161 Ex
1570 4113 1618 4160 eo
1655 4110 1766 4160 autem

464 4206 625 4280 tempore
652 4181 857 4282 presentem
885 4186 976 4258 hanc
1001 4187 1191 4280 adinveni,
1219 4214 1294 4288 quae
1322 4215 1391 4288 ope
1417 4185 1768 4286 lugarithmieaevul·
1840 4253 1841 4260 ,

463 4280 556 4379 garis
583 4306 690 4380 quam
716 4283 884 4357 facillime
911 4284 1113 4384 peragitur,
1140 4289 1176 4361 δι
1202 4312 1413 4388 propterea,
1441 4312 1507 4358 ceu
1531 4282 1738 4358 naturalior
1762 4337 1783 4373 ,.

447 4377 576 4479 vpriori
602 4382 662 4456 lon
690 4412 709 4476 e
737 4381 988 4476 anteferenda.
1026 4387 1213 4462 Problema
1240 4410 1357 4462 autem
1385 4385 1459 4458 tale
1486 4380 1561 4455 est:
1602 4382 1772 4456 Invenire
1839 4459 1840 4470 ¹

286 4450 441 4607 {lm
460 4504 607 4559 curvam
636 4409 707 4571 Al,
734 4480 832 4581 cujus
857 4482 1033 4582 applicata
1062 4486 1125 4579 Kl,
1153 4479 1194 4560 fit·
1222 4486 1266 4562 ad
1291 4483 1564 4586 subtangentem
1592 4481 1710 4576 ΚΜ,
1736 4505 1774 4557 ut
1839 4513 1840 4524 ¹

332 4567 373 4629 ¹⁸·
396 4566 424 4607 ¹⁴
460 4579 554 4655 bota
591 4580 672 4655 data
700 4584 778 4672 N,
814 4581 858 4657 ad
883 4582 1090 4684 portionem
1115 4585 1296 4690 applieata
1321 4585 1372 4661 IL
1403 4581 1652 4684 interceptam
1681 4582 1774 4756 ism

1707 4712 1735 4756 ι.
