3784 5459
471 295 1194 398 atoariorum
1287 331 1376 443 193

40 496 44 531 ⁷
135 496 263 604 esset,
300 508 325 585 si
358 510 452 584 lacus
478 507 576 584 intra
604 507 792 584 consuetos
824 508 959 583 limites
985 508 1189 588 constanter
1221 508 1415 595 subsisteret
1448 514 1636 609 3A8AErud.

39 608 41 635 l
133 614 229 686 dum
255 612 340 686 sicca
367 608 574 710 tempestate
616 634 679 711 per
705 611 828 685 eadem
863 610 955 684 nihil
984 632 1154 710 aquarum
1182 612 1263 687 fluit
1291 675 1302 713 ,
1338 620 1396 693 sed
1424 620 1460 696 id
1478 600 1635 676 A⁰·¹⁶⁸⁹·

131 736 271 802 omne,
297 709 394 811 quod
421 734 466 784 ea
492 710 707 811 perennibus
733 709 803 782 illis
828 709 915 782 rivis
941 710 1036 784 intra
1062 712 1158 786 lacus
1185 714 1327 790 alveum
1345 676 1523 795 conti-M'
1554 680 1628 744 Μ’

131 836 212 885 nuo
238 809 438 902 subintrat,
466 837 528 910 per
555 811 717 883 canalem
744 813 779 879 Z
805 810 992 883 exonerari
1018 812 1133 885 valet.

185 914 295 986 VIII.
323 918 414 983 Cam
441 931 642 1009 compertam
661 907 741 998 sit,
775 909 869 980 rivos
893 908 1093 996 indestnenti
1118 917 1218 1012 cursa
1243 898 1465 996 intre‘laeue

131 1011 373 1083 declivitatem
401 1013 553 1107 quotidie
579 1008 803 1105 ingredientes
829 1010 981 1105 nuspiam
1008 1012 1178 1102 manifesto
1203 1014 1366 1109 effluere,
1402 1047 1462 1095 nee

129 1132 249 1183 tamen
273 1113 395 1207 perse
419 1116 494 1199 ejas
516 1113 729 1199 cavitatem,
753 1134 838 1209 'eam
861 1111 962 1202 semel
986 1109 1150 1198 exsteeata
1173 1113 1247 1207 est,
1287 1119 1460 1216 implere,

129 1214 298 1308 quorsum
324 1212 459 1282 tandem
485 1210 695 1282 deveniant?
722 1209 931 1308 Respondet
949 1211 1121 1302 Auditor,
1148 1240 1272 1314 aquam
1302 1244 1365 1318 per
1391 1216 1458 1295 mi.

131 1337 249 1386 nores
274 1310 354 1384 illos
379 1308 505 1411 dubius
531 1333 638 1412 atque
665 1307 803 1387 canales
829 1316 1008 1408 (quorum
1028 1309 1117 1385 alios
1136 1313 1341 1410 brachium,
1368 1320 1457 1395 alios

130 1410 323 1511 digitum,
356 1409 448 1484 alios
473 1404 574 1484 filum
601 1409 712 1484 modo
739 1405 1000 1483 craffiusculum
1036 1412 1154 1511 quoad
1180 1415 1455 1515 amplitudinem
1473 1388 1545 1478 ΡΨ
1564 1399 1645 1477 ⁶4²³·

130 1535 273 1611 aequare
291 1509 386 1601 ait,)
407 1533 538 1610 nempe
554 1536 697 1583 nano.
716 1507 789 1581 &a
815 1507 938 1582 sensim
957 1507 1119 1586 diffluere
1146 1539 1187 1587 ac
1199 1517 1374 1614 percolari
1401 1520 1455 1595 in-

129 1634 193 1684 tra
219 1610 379 1712 stagnum
399 1616 485 1701 CC,
510 1610 546 1682 bt
572 1609 656 1686 inde
673 1608 822 1684 ulterius
848 1635 959 1710 prope
977 1638 1009 1683 m
1025 1638 1080 1703 19.
1107 1616 1386 1715 percanalemZ
1396 1620 1455 1697 de,

124 1710 244 1784 riveti
271 1737 311 1784 ac
338 1708 475 1784 exitum
500 1709 602 1788 suum
631 1709 804 1811 reperire.

174 1813 238 1884 lx.
265 1812 361 1882 Unde
383 1807 470 1903 fiat,
497 1811 589 1908 qnod
613 1811 689 1886 dna
708 1811 839 1908 serobes
865 1813 985 1887 Narte
1014 1810 1060 1885 θ’
1088 1812 1218 1915 Pjauze
1239 1820 1321 1917 jugi
1341 1822 1450 1917 liqna-

124 1935 167 1982 re
194 1912 370 2003 madeant,
396 1938 472 1983 onan
490 1932 599 1984 tamen
627 1939 691 1983 noa
709 1930 891 2008 appareat,
915 1914 1007 1987 ande
1021 1914 1187 2008 affluerem
1212 1921 1452 2017 nanciscantur

120 2030 272 2108 tempore
289 2011 498 2097 siccitatib?
529 2010 732 2084 Deducitttr
759 2010 863 2105 hujus
887 2012 940 2081 rei
967 2015 1069 2084 causa
1104 2019 1146 2086 ab
1174 2018 1306 2114 exiguo
1332 2021 1449 2093 canali

121 2140 161 2183 a.
188 2141 238 2205 3,
264 2111 327 2208 qui
354 2137 399 2182 ert
424 2109 549 2206 stagno
568 2112 606 2176 Ἐ
633 2103 812 2179 modicam
849 2126 945 2204 aqua
971 2132 1100 2182 venam
1125 2109 1267 2183 derivet
1295 2115 1338 2186 ad
1365 2115 1452 2190 duas

94 2210 231 2283 -hasce
257 2208 399 2296 foveas,
425 2204 496 2278 five
523 2230 654 2296 n.2.2,
681 2202 773 2277 unde
800 2205 978 2275 necessum
1003 2203 1302 2283 fiteaecontinuo
1330 2236 1450 2287 mane·

124 2334 171 2382 re
190 2304 383 2397 humidae,
407 2305 493 2381 dum
521 2305 640 2404 aliquo
656 2302 751 2377 circa
772 2302 915 2376 easdem
930 2301 1049 2402 spatio
1075 2305 1186 2381 desint
1213 2308 1357 2401 tubali,
1382 2311 1449 2412 qui

123 2406 275 2480 laticem
302 2404 522 2505 stagnantem
551 2405 595 2476 ad
621 2400 946 2498 hydrophaslaciurn
973 2408 1040 2476 CC
1065 2405 1249 2479 dimittere
1277 2434 1409 2509 queant
1435 2465 1447 2487 .

120 2505 258 2580 Eidem
285 2530 373 2577 vero
392 2503 506 2578 canali
533 2531 565 2574 n.
577 2531 609 2597 3.
637 2498 848 2577 adscribitur
864 2498 997 2594 etiam,
1024 2505 1121 2604 quod
1137 2510 1446 2597 eerajnajamma

123 2608 162 2680 ἃ
176 2607 387 2703 Sakadalze,
415 2601 485 2677 five
507 2622 534 2700 p
560 2605 596 2674 δι
623 2630 673 2699 q,
700 2626 772 2674 non
790 2600 891 2674 omni
917 2623 1090 2702 tempore·
1106 2628 1252 2679 manare
1270 2602 1369 2709 ‘aq-ua
1387 2610 1448 2684 de·

121 2705 399 2806 prehendatur,
415 2703 470 2777 nti
491 2728 541 2776 ex
556 2703 656 2775 Vellei
668 2701 800 2774 Oberoh
826 2700 883 2775 seu
901 2728 932 2775 n.
947 2710 991 2773 τό
1010 2733 1019 2776 :
1047 2702 1133 2779 licet
1151 2705 1248 2779 enim
1276 2727 1351 2781 tam
1379 2707 1444 2785 sta·

42 2820 46 2828 ’
114 2831 234 2906 gnum
254 2809 304 2895 E,
330 2828 437 2905 qnam
455 2809 512 2895 D,
539 2801 774 2878 indesinenter
791 2798 961 2876 affluxum
990 2802 1147 2903 patiatur
1172 2807 1217 2879 ex
1237 2803 1444 2908 hydrophy«

119 2905 222 2980 lacio
238 2908 325 2990 RB,
353 2924 511 2979 attamen
529 2900 588 2975 hic
606 2899 798 3000 superfluus
814 2899 873 2972 ille
893 2899 1026 2974 humor
1045 2900 1177 3003 jugiter
1228 2931 1267 2979 er
1284 2910 1446 2983 canalem

118 3033 153 3077 a.
168 3035 198 3100 3.
210 3000 214 3005 ’
227 3004 271 3077 ad
290 3018 323 3077 n.
335 3024 368 3076 t.
381 3027 412 3077 2.
440 2999 570 3078 deferri
588 3000 731 3090 solitus,
760 3023 929 3097 nonopus
949 2999 1052 3075 habet
1070 3026 1132 3100 per
1144 2930 1234 3093 dd
1249 3007 1285 3077 R
1302 3004 1449 3080 demum

121 3106 263 3177 exitum
312 3128 466 3189 uaerere3
494 3102 531 3177 id
552 3099 648 3207 quod
666 3098 762 3173 secus
779 3095 827 3171 est
850 3098 891 3171 in
910 3095 1033 3199 stagno
1051 3106 1116 3191 D,
1143 3101 1240 3203 quod
1262 3127 1345 3178 cum
1373 3129 1451 3191 non

120 3202 251 3278 habeat
305 3204 373 3293 ias,
392 3200 562 3305 quorsum
581 3201 735 3301 deponat
752 3196 810 3287 id,
838 3195 935 3297 quod
953 3222 999 3269 ex
1022 3202 1090 3268 BB
1117 3200 1268 3275 nimium
1288 3203 1448 3303 accepit,

120 3328 198 3378 non
216 3302 327 3404 potest
346 3328 420 3377 non
441 3329 502 3403 per
520 3324 612 3395 τως.
632 3302 667 3373 dt
690 3308 744 3372 τό.
769 3294 879 3370 semet
896 3295 935 3369 in
955 3298 1188 3371 Vettiorum
1205 3296 1429 3375 exonerate]
1523 3358 1529 3367 .

174 3408 220 3475 Χ.
248 3410 335 3473 Caan
361 3428 424 3473 non
448 3423 580 3474 tantam
603 3420 705 3499 prope
717 3396 830 3471 Velki
847 3396 1015 3491 Obercb,
1038 3424 1156 3473 veram
1182 3403 1284 3473 etiarn
1306 3420 1370 3501 per
1395 3404 1449 3475 U-

118 3499 359 3598 rajnajam-ma
383 3500 428 3569 O*
449 3500 648 3575 Sekadulze
675 3499 970 3591 ermanaricum,
996 3522 1097 3595 qaam
1120 3503 1228 3596 pisces
1254 3522 1327 3573 cam
1353 3524 1450 3597 aqna

118 3604 366 3697 expellantur,
393 3601 483 3673 ande
497 3600 698 3697 contingat,
726 3601 817 3696 quad
838 3599 945 3694 priori
970 3601 1007 3670 in
1032 3601 1101 3673 loeo
1124 3603 1232 3696 pisces
1257 3601 1450 3674 anaticulas¹

121 3701 357 3788 ntemetosttate
382 3703 537 3791 vincere,
559 3700 796 3797 posterioribus
821 3699 952 3772 duobus
975 3722 1057 3772 uero
1082 3702 1272 3798 viee-versa
1297 3703 1346 3776 he
1369 3704 1448 3773 illos

118 3804 216 3898 copia
239 3806 397 3903 superare
424 3804 669 3898 observantor?
694 3798 926 3874 Attribuitur
952 3797 1053 3892 hujus
1064 3800 1115 3873 rei
1142 3800 1241 3875 causa
1262 3800 1446 3876 diversita-

120 3902 148 3973 ti
178 3904 377 3992 canalium,
428 3929 467 3976 er
490 3927 584 4003 quos
610 3901 730 4004 stagna
757 3899 901 3975 minora
920 3904 959 3972 D
985 3901 1021 3973 bt
1047 3903 1098 3991 E,
1124 3927 1165 3975 ac
1191 3926 1234 3976 ex
1260 3900 1316 3977 ln‘s
1334 3926 1445 4005 porro

116 4002 294 4098 praediola
319 3998 397 4077 sero
442 4029 457 4076 s
484 4000 677 4104 aquassuas
692 4054 703 4092 ,
731 3996 861 4074 &curn
885 3998 943 4073 bis
960 3998 1090 4097 pisces,
1119 4025 1330 4104 anatesque,
1358 4027 1446 4075 nan·

116 4102 298 4174 ciscantur
322 4125 366 4174 ert
392 4101 520 4197 majori
547 4102 612 4175 illo
640 4100 1035 4200 hydrophylacioBB.
1061 4102 1249 4177 'Nimirum
1277 4101 1361 4172 licet
1388 4124 1455 4170 ca·v

115 4202 216 4274 nales
233 4197 293 4291 hi,
320 4225 447 4301 nempe
463 4203 514 4270 W
532 4202 568 4273 dr
594 4206 650 4290 X,
677 4224 774 4299 aque
789 4198 856 4273 alti
882 4198 950 4273 fint
977 4201 1012 4273 dt
1032 4201 1222 4277 ordinaria
1248 4197 1360 4297 stagni
1379 4200 1446 4265 ΒΒ

117 4296 316 4401 superficiei
337 4298 498 4400 paralleli
512 4323 528 4383 3
553 4321 675 4371 tamen
703 4323 783 4372 cum
800 4302 841 4368 Χ
859 4298 977 4372 multo
995 4302 1147 4403 amplior
1174 4298 1238 4388 fit,
1265 4292 1445 4395 quamdis,

114 4399 259 4474 facilius
290 4401 387 4474 intra
414 4397 532 4489 illius,
552 4422 664 4499 wquant
692 4395 797 4495 hujus
824 4397 1003 4501 gurgitem
1031 4397 1215 4476 anaticula
1243 4395 1287 4467 ab
1314 4391 1444 4491 aquis,

117 4499 249 4600 quibus
280 4500 468 4591 innatant,
496 4496 745 4599 abripiuntur,
771 4521 879 4601 atque
906 4498 952 4573 stc
978 4500 1061 4574 dein
1088 4524 1132 4573 co
1157 4493 1263 4568 iosrus
1290 4495 1402 4593 perQ
1409 4514 1444 4589 p.

116 4602 150 4672 or
177 4600 223 4674 R.
245 4628 278 4697 q.
306 4601 560 4703 expelluntur,
588 4600 695 4699 quam
722 4599 865 4698 quidem
894 4623 956 4701 per
979 4626 1016 4670 a.
1047 4620 1101 4688 ις.
1195 4601 1250 4664 τό.
1272 4594 1444 4695 morsum

40 4734 44 4765 r
115 4724 269 4803 nempe,
297 4702 343 4774 ob
370 4697 565 4800 angustiam
593 4698 726 4773 canalis
741 4708 809 4790 W,
837 4699 1021 4799 pauciores
1040 4689 1262 4769 deveniunt.
1289 4699 1342 4770 At
1364 4693 1444 4766 vice

222 4808 315 4871 Tem.
333 4804 376 4869 ll.
988 4791 1051 4864 Bb
1272 4792 1393 4883 versa,
