3784 5459
501 190 1161 307 Enun'tr'ouuu.
1283 168 1464 354 ..3831-

43 456 53 466 2
175 407 385 484 Maximini
411 404 643 505 Imperatoris
670 408 786 508 capite
813 411 991 504 radiato,
1029 417 1202 492 cumbae
1229 417 1460 520 inscriptione
1482 454 1492 498 a
1518 411 1681 483 ΛΜΝ·

44 555 47 560 Α
175 512 257 581 AT.
278 516 321 582 K.
341 514 369 585 1.
388 511 611 592 OTHPOC.
627 509 961 586 ΜΑΞΙΜΙΝΟΟ.
988 513 1012 585 i.
1027 539 1055 586 e.
1082 517 1286 613 Imperator
1303 518 1420 595 Caesar
1437 527 1494 609 Ju-

44 659 47 662 .
174 605 247 679 lius
273 611 392 682 Verus
419 607 672 696 Maximinus;
699 609 810 684 item:
837 614 1385 694 AMICOAEAETOERAC
1413 625 1495 699 ET.

1520 497 1683 574 &1016st
1743 567 1744 580 ἵ

1520 571 1668 651 naman.

172 709 302 782 CEH.
331 709 353 781 i.
365 734 394 780 e.
415 705 530 782 Amisi
546 706 663 781 liberae
681 733 777 783 anno
795 703 874 782 2'68.
902 715 1100 811 Comparet
1126 713 1164 786 in
1191 716 1326 791 e'odem
1347 745 1496 796 nummo
1615 700 1619 706 ’

175 806 323 902 Apollo
341 807 462 881 sedens
482 865 492 901 ,
518 807 643 882 dextra
661 808 776 901 lyram
795 832 919 884 tenens
938 834 950 897 3
976 809 1114 912 Serapis
1131 810 1250 904 stant,
1277 815 1403 892 deutra
1429 820 1496 921 spi'·

43 921 55 946 ¹·
172 927 234 1019 tas
257 957 269 997 ,
299 905 435 979 sinistra
452 906 641 994 lauceam3
670 907 763 981 infra
781 908 876 982 inter
894 932 1080 1009 utramque
1098 909 1248 1084 sputum
1275 914 1427 1014 globata
1454 919 1494 994 iu

169 1030 253 1079 amo
275 1035 285 1077 z
318 1007 615 1088 AMtcHNuN
635 1008 933 1083 MlnHCInN.
959 1010 1114 1082 Nummi
1159 1036 1234 1124 ujus
1249 1012 1430 1088 otcafione
1449 1017 1492 1092 de

43 1101 44 1128 ³
169 1102 317 1201 'duplici
337 1102 591 1178 Amisenorum
609 1129 676 1180 aera
694 1103 859 1196 disserit,
886 1131 1036 1206 quatum
1058 1108 1172 1221 prima
1191 1112 1319 1212 incipit
1335 1116 1378 1187 ab
1395 1127 1491 1189 anno

172 1202 329 1292 Periodi
348 1203 493 1290 julianae
508 1211 615 1294 4⁶67·
641 1207 687 1278 U.
703 1207 747 1280 C.
766 1231 849 1299 707.
876 1228 960 1278 ante
979 1205 1161 1281 Christum
1177 1235 1245 1299 47,
1273 1237 1357 1286 cum·
1379 1214 1491 1298 Juliue

123 1367 124 1370 ,
168 1300 299 1374 Cacsar
317 1302 507 1376 Amisenoa
533 1303 697 1378 libertate
716 1325 959 1400 remuneratus
976 1304 1024 1378 ess
1041 1333 1061 1395 ,·
1079 1306 1175 1419 quod
1205 1309 1397 1384 Pharnaces
1415 1313 1491 1386 Mi·

171 1399 454 1476 thridatissilius
470 1401 645 1502 parricida
662 1401 876 1478 virilitatem
894 1401 966 1477 illis
983 1402 1184 1496 ademisset,
1205 1431 1243 1481 ut
1262 1432 1388 1509 praeter
1403 1412 1492 1485 aliot
1626 1435 1636 1447 ·

169 1498 326 1574 testatur
343 1501 452 1588 Dio;
479 1500 570 1598 apud
597 1525 733 1602 quem,
760 1502 820 1592 ubl
848 1503 890 1577 de
917 1501 1099 1577 Pharnace
1115 1505 1230 1605 agit,
1258 1507 1493 1608 proretam·

172 1599 371 1700 legendum
389 1599 437 1678 ess
453 1598 590 1684 ἐπ’τιμι
607 1600 784 1693 exsecuit,
810 1600 907 1704 quod
924 1601 1093 1675 habienus
1118 1604 1156 1677 in
1178 1606 1303 1682 Dione
1331 1611 1491 1686 nondum

169 1699 417 1776 emaculatum
437 1702 642 1778 Toinardut
659 1702 811 1774 miratur
829 1756 837 1774 .
867 1701 996 1774 Altera
1011 1724 1130 1775 autem
1149 1703 1404 1783 Amisenorum
1421 1735 1488 1784 ara

172 1797 325 1882 ducitur
351 1800 395 1873 ab
422 1828 518 1876 anno
542 1798 681 1902 periodi
701 1799 844 1885 Iulianae
860 1806 967 1896 4683.
995 1803 1041 1872 U.
1052 1801 1096 1873 C.
1114 1826 1206 1897 723,
1222 1808 1365 1904 quando
1383 1808 1488 1885 Ami.

172 1896 253 1971 seni
283 1923 412 1974 necato
436 1900 495 1976 uel
509 1896 654 1999 expulso
670 1901 846 1971 «Stratone
863 1903 1042 1991 Tyranno
1067 1898 1270 1975 libertatem
1290 1903 1352 1980 fibi
1377 1906 1488 1982 armis

170 1996 438 2110 quaesiverunt.
465 2004 667 2098 Utramque
683 2015 795 2090 nram
806 1996 962 2069 nummis
977 1995 1184 2094 quibusdam
1201 1999 1369 2078 illustrat.
1396 2009 1489 2078 Ter·

173 2117 271 2178 tram
289 2105 407 2170 auten't
420 2097 673 2171 Amisenorum
693 2119 818 2185 aram,
844 2120 950 2195 quarn
966 2093 1147 2196 Pagiucin
1167 2095 1334 2174 addendis
1351 2102 1393 2177 ad
1402 2104 1488 2178 Cri·

174 2195 292 2270 ticam
319 2196 473 2270 Baronia
503 2222 559 2269 am
594 2221 637 2269 ex
665 2218 816 2267 nummo
841 2194 995 2295 quodam
1022 2191 1104 2265 AElii
1131 2195 1279 2271 Caesaris
1312 2193 1488 2290 adstruit,

170 2319 289 2396 quem
317 2319 337 2368 e
387 2321 450 2369 aza
503 2293 580 2394 egia
606 2321 626 2368 a
649 2292 840 2368 Toinardo
866 2290 927 2364 srbi
956 2291 1194 2366 transmissum
1220 2296 1369 2390 laudat,
1395 2299 1487 2374 Toi-

172 2393 309 2466 nardue
324 2322 398 2474 sassi
415 2420 454 2468 ar
479 2393 560 2467 uit.
587 2396 677 2466 Non
695 2390 887 2465 dissimulat
914 2388 1080 2490 quidem,
1105 2389 1139 2464 se
1158 2393 1204 2503 ad
1219 2396 1367 2496 Pagium
1383 2449 1394 2485 ,
1411 2421 1487 2496 quae

170 2491 212 2568 in
229 2492 380 2569 Criticz
397 2495 466 2572 Bar
478 2581 480 2584 γ
492 2493 604 2568 nianae
631 2487 822 2603 appendice
849 2511 1113 2579 memorantur,
1128 2489 1304 2591 ,scrrpfille
1320 2521 1330 2581 3
1359 2519 1486 2573 rerum

168 2591 297 2682 addit,
323 2590 357 2667 se
375 2590 577 2693 peristerae
600 2589 724 2665 Amici
750 2588 835 2663 dolo
854 2613 927 2661 non
947 2586 1043 2661 malo
1059 2589 1246 2687 deceptum
1263 2592 1384 2686 fuisse,
1402 2620 1484 2672 cunt

169 2691 289 2789 neque
317 2693 358 2766 ad
386 2716 522 2793 gazam.
536 2689 719 2790 Regiam,
745 2686 927 2789 nequead
954 2685 1090 2760 AElium
1106 2687 1279 2764 Caesarem
1309 2689 1485 2775 numisma

172 2789 267 2866 illud
286 2791 484 2888 pertineat.
512 2788 783 2866 Animadvertit
809 2788 845 2860 dt
863 2783 1042 2859 Holssenii
1059 2811 1239 2881 errorem,
1265 2792 1328 2892 qui
1355 2792 1391 2868 in
1420 2817 1485 2866 no·

172 2886 224 2960 tis
250 2888 292 2962 ad
319 2888 538 2988 Stephanum
563 2887 606 2962 de
632 2885 789 2961 Urbibus
822 2909 912 2958 voce
939 2882 1055 2965 Auuo'r
1079 2889 1270 2961 Caracalla
1296 2915 1485 2987 nummum

172 2984 316 3079 refert,
343 2986 458 3062 Amisi
484 2985 635 3067 cusum.
661 2984 699 3060 in
718 3009 794 3098 quo
821 2982 872 3055 ait
898 2982 966 3056 esse
992 2983 1114 3058 literas
1140 2988 1296 3078 ΘΝΕ,
1322 3011 1404 3062 cum
1431 3011 1486 3064 ta-

170 3109 258 3164 men
276 3086 416 3162 numeri
434 3083 488 3159 isli
516 3082 636 3160 neutri
654 3078 909 3161 Amisenorum
926 3107 1001 3159 aerae
1019 3079 1257 3178 conveniant,
1282 3086 1319 3158 ἃ
1337 3086 1408 3187 legi
1424 3089 1486 3163 de·

167 3186 254 3258 beat
281 3190 436 3276 CME,
460 3184 520 3260 seu
538 3210 618 3283 245.

223 3291 268 3363 ln
287 3286 382 3361 notis
408 3284 452 3358 ad
467 3308 573 3384 eaput
593 3305 658 3374 ις,
683 3279 827 3357 Eusebii
847 3282 969 3358 locum
996 3308 1041 3356 ex
1057 3280 1118 3356 lib.
1137 3286 1170 3353 8.
1191 3280 1390 3357 Histccl.
1409 3311 1438 3359 c.
1455 3312 1482 3361 r.

171 3382 351 3473 adducit,
377 3408 528 3482 euntque
545 3407 657 3481 neque
674 3407 693 3453 a
711 3379 1060 3477 Christopborsono‚
1087 3403 1200 3480 neque
1227 3408 1247 3455 a
1265 3380 1405 3457 Valefio
1430 3409 1484 3459 re·

169 3483 234 3559 &e
259 3481 482 3556 intellectum
507 3504 614 3579 atque
640 3478 817 3552 redditum
834 3477 1013 3552 ostendit.
1040 3481 1085 3552 ln
1102 3504 1179 3577 cap.
1205 3505 1259 3570 ¹7·
1277 3480 1484 3575 Laslautii,

172 3607 244 3682 pne
269 3580 347 3681 ripa
373 3578 499 3679 Strigae
524 3604 563 3652 re
613 3575 651 3649 ni
676 3574 775 3674 cupit
798 3575 911 3675 ripam
929 3576 1089 3650 lssricam
1113 3575 1171 3648 seu
1200 3581 1453 3655 Danubianam
1473 3635 1482 3656 .
1504 3613 1574 3698 p„
1597 3636 1661 3679 ,Q

172 3684 308 3795 Neque
322 3679 422 3752 enim
440 3604 630 3778 acquiescit
658 3669 694 3748 iu
712 3676 853 3746 Henrici
869 3676 1050 3748 Drdauelli
1057 3673 1283 3774 conjessura,
1309 3703 1425 3780 quant·
1442 3682 1481 3754 in

173 3781 283 3858 Asina
297 3776 425 3853 nostris
451 3781 499 3853 A.
513 3782 615 3869 1685.
643 3772 750 3847 mens.
768 3778 847 3861 Juu.
875 3799 952 3875 pag.
973 3783 1054 3847 266.
1076 3776 1336 3852 recensuimus.
1362 3781 1481 3870 Quale
1502 3790 1661 3856 EdAtlor.

172 3906 293 3957 autem
319 3877 409 3964 illud
435 3873 660 3968 Diocletiani
685 3872 757 3947 iter
783 3899 803 3947 a
829 3872 1020 3949 Lassantio
1035 3871 1248 3974 descriptum
1265 3876 1406 3967 suerit,
1433 3904 1479 3950 ex

168 3976 366 4058 Itineratio
393 3974 578 4051 Antonini
600 3970 849 4072 explicandum
884 3972 1000 4046 censet
1027 3973 1270 4064 Toinardus‚
1303 3973 1403 4072 cnjus
1428 3976 1483 4049 rei

170 4077 291 4182 gratia
317 4075 499 4175 integrum
525 4073 627 4148 illum
647 4073 767 4145 locum
793 4072 836 4145 de
861 4071 994 4172 duplici
1010 4071 1141 4147 itinere
1167 4070 1414 4147 eViminacio
1438 4075 1481 4148 ad

168 4175 428 4254 Nicomediam
455 4195 499 4246 ex
514 4170 697 4248 Antonini
719 4168 913 4243 Itinerario
930 4170 1124 4264 describit,
1152 4175 1188 4245 δι
1207 4170 1388 4244 concludit
1414 4172 1484 4244 cir·

173 4279 311 4355 ruitum
340 4273 424 4372 ripe
449 4268 604 4369 Strigae,
630 4294 692 4366 per
733 4292 812 4340 uem
839 4268 1091 4344 Diocletianus
1117 4268 1481 4344 Ravennatlicome-

172 4378 271 4455 diam
287 4372 419 4460 veuit,
445 4368 537 4443 nihil
563 4366 659 4444 aliud
685 4293 752 4444 esse
778 4391 885 4479 quam
901 4364 1146 4444 variasuarias
1165 4363 1246 4438 lllri
1271 4365 1330 4439 seu
1353 4369 1481 4444 Danu·

176 4477 227 4552 bii
247 4471 445 4550 inferioris.
473 4472 524 4543 Et
538 4465 630 4540 hanc
671 4466 860 4539 almariam
870 4464 1157 4542 observationem
1174 4485 1354 4564 acceptam
1372 4466 1480 4543 refert

174 4566 565 4652 illustrissimocuidatn
591 4491 754 4658 Abbati,
779 4564 906 4665 inquo
932 4584 1058 4666 praeter
1084 4558 1288 4660 stupendam
1311 4567 1482 4641 eruditio·

237 4712 239 4715 >
1347 4689 1429 4738 nem
