3784 5459
490 273 1159 387 Euuortoreuur.
1334 310 1425 409 :19

40 487 50 533 ἲ
173 508 324 589 propter
349 486 520 586 impetum
547 482 620 583 jam
647 504 883 583 conceptum,
910 506 974 585 per
999 483 1162 559 foramen
1180 488 1217 561 A
1244 487 1388 565 effluere
1404 511 1480 590 per·
1501 485 1675 557 Allssrudv

40 594 47 633 ³
196 610 293 679 eret,
320 609 436 661 aerem
462 581 585 661 secum*
604 583 783 687 abriperet
808 584 914 658 &ex
939 581 1030 658 tubo
1055 583 1266 687 expelleret:
1295 611 1333 665 at
1362 588 1481 664 certis·
1501 571 1561 630 ΑΠ’
1577 572 1682 683 ¹⁶2&

40 692 41 702 ’
169 611 296 758 imum
324 682 372 757 ell
398 709 516 759 aerem
543 683 589 760 fic
616 678 711 785 polle
738 708 787 757 ex
809 681 904 756 tubis
931 680 1087 782 expelli,
1113 683 1223 759 modo
1240 711 1315 767 non
1333 687 1400 763 smt
1429 687 1483 763 ni·
1502 646 1669 730 M‘Mm'

167 783 236 858 nris
263 784 356 860 lati:
384 784 524 884 repleto
543 781 657 883 igitur
683 782 836 882 globoE
857 780 991 881 poterit
1018 806 1129 883 aqua,
1155 780 1254 880 juxta
1269 788 1500 874 methodum

40 897 42 905 ’
164 866 324 983 liuperius
352 883 525 965 traditam
551 882 722 970 extrahi3
750 879 865 982 ficque
889 880 1073 956 intentum
1097 868 1330 959 babebimus.
1357 885 1395 961 Si
1421 912 1500 975 ves,

166 1007 209 1081 ro
235 982 403 1085 capacior
427 980 522 1057 foret
545 981 670 1083 globus
686 985 748 1074 E,
774 979 925 1055 nimiam
951 979 1042 1056 aeris
1056 980 1297 1082 quantitatem
1324 983 1362 1058 in
1389 983 1500 1069 suut·

164 1081 336 1157 mitatem
360 1080 529 1184 Sipbonis
553 1081 763 1157 emitteret:
792 1080 1077 1182 praeponderaret
1104 1080 1200 1156 enim
1226 1109 1317 1186 aqua
1344 1083 1383 1169 in
1400 1106 1500 1171 cru-t

163 1206 206 1269 te
225 1187 315 1273 CB,
340 1188 448 1283 atqu'e
471 1181 525 1255 ita
548 1178 663 1259 fluxus
689 1178 882 1267 lilletetur:
913 1202 1012 1281 patet
1024 1202 1137 1282 ergo,
1162 1182 1259 1284 quod
1284 1183 1333 1261 lin
1361 1182 1426 1267 ulis
1441 1209 1491 1275 o-¹

166 1279 411 1394 perationibus
436 1277 576 1355 nonnisi
605 1284 665 1375 a}
697 1304 794 1382 aqua
818 1279 928 1355 libras
954 1278 1231 1356 obtinebimus.
1276 1209 1481 1367 Viclendurn

163 1403 429 1481 taor‚,quanta
445 1405 542 1481 aqua
568 1379 673 1482 copia
698 1405 762 1482 per
779 1376 976 1482 Sipbonem
1001 1377 1062 1454 hic
1089 1377 1307 1484 descriptum
1331 1381 1482 1467 interim

162 1476 487 1557 transfluxurafit.
588 1526 592 1531 «
762 1560 766 1565 ,
1208 1562 1212 1568 ,
1248 1555 1253 1565 ,
1344 1554 1347 1561 λ
1441 1526 1461 1567 ,κ
1492 1532 1501 1567 ,

201 1584 275 1656 'Ex
300 1578 556 1682 experimentis
582 1579 867 1656 aD.Mariotto
893 1580 988 1657 libro
1005 1578 1223 1680 supracitato
1249 1581 1355 1667 editis
1388 1606 1498 1678 atet„

161 1680 261 1780 quod
279 1705 341 1779 per
359 1678 521 1756 foramen
548 1681 624 1779 ejus
640 1680 907 1782 amplitudinis,
933 1678 1210 1783 quamssiphoni
1236 1610 1455 1783 ascripliinus
1465 1726 1498 1774 1,-

163 1778 226 1855 ubi
243 1779 399 1856 altitudo
416 1807 513 1896 aqua
539 1780 778 1857 incumbentis
803 1780 851 1855 est
873 1808 887 1854 r
895 1809 914 1877 3
936 1781 1094 1882 pedum,
1120 1803 1312 1882 erumpunt
1338 1779 1497 1884 lingulis:

164 1878 315 1959 minutis
332 1886 403 1972 448
431 1883 528 1957 librae
553 1906 678 1982 aquae:
707 1879 881 1982 quoniam
907 1906 997 1958 vero
1014 1906 1104 1982 aqua
1131 1879 1190 1955 hic
1219 1908 1294 1956 non
1313 1881 1389 1955 exit
1416 1906 1496 1981 per,

163 1978 328 2054 foramen
355 1979 525 2057 infundo
551 1979 662 2079 ampli
679 1980 896 2078 receptaculi
917 2007 958 2071 ¹3
980 1979 1084 2075 pedes
1102 1980 1187 2066 alti,
1211 1979 1328 2068 (ficut
1346 1979 1385 2055 in
1412 1980 1496 2063 cla·-

162 2077 476 2154 rillimiMatiotti
494 2076 778 2175 experimentis)
802 2075 861 2148 sed
879 2098 942 2172 pet
961 2074 1088 2147 tubum
1103 2072 1337 2151 uniformem:
1368 2075 1482 2174 potest

164 2173 424 2263 demonstrari,
442 2173 539 2274 quod
574 2172 728 2256 uantitas
744 2195 842 2285 aquae
856 2197 879 2244 e
906 2168 1194 2247 telsuradirnidia
1210 2172 1279 2247 erit
1293 2170 1498 2272 ejusquam

166 2273 272 2375 supra
295 2271 476 2348 diximus:
506 2199 716 2349 delcendent
735 2269 848 2372 igitur
869 2196 1013 2371 iugulis
1037 2269 1267 2361 minutis224
1281 2269 1495 2371 librataque-

166 2399 213 2447 ex
230 2371 422 2448 altitudine
443 2398 484 2468 13
504 2370 653 2485 pedum.
679 2375 803 2461 Quum
823 2391 943 2444 autent
962 2367 1005 2443 ad
1019 2367 1170 2468 fingulas
1186 2370 1414 2468 operationes
1430 2393 1494 2442 re·¹

166 2470 382 2547 cludendum
401 2470 442 2544 lit
458 2468 685 2583 epistomium
704 2472 756 2558 F,
782 2465 910 2568 globus
925 2469 959 2539 E
980 2491 1072 2567 aqua
1088 2466 1294 2568 replendus,
1321 2467 1493 2551 claudet-2

165 2571 251 2647 dum
278 2569 410 2645 iterum
438 2567 684 2670 eprllomium‚
710 2588 787 2641 tum
807 2563 958 2640 cochlea
972 2569 1020 2642 G.
1031 2568 1081 2639 H.
1108 2565 1330 2666 aperienda,
1356 2565 1482 2667 globus

164 2674 200 2747 E
217 2670 460 2760 evacuandus,
487 2696 526 2744 ac
546 2666 725 2770 postremo
739 2665 891 2741 cochleae
915 2663 1050 2741 iterum
1070 2664 1292 2745 claudenda:
1318 2665 1384 2740 vix
1403 2662 1490 2766 pol·

163 2768 248 2843 sunt
275 2769 398 2845 omnia
425 2768 486 2843 illa
512 2768 614 2843 intra
630 2791 741 2841 unum
758 2763 931 2866 temporis
956 2762 1138 2839 minutum
1155 2762 1306 2867 perfici:
1335 2789 1378 2838 ac·
1399 2789 1485 2865 pro·

167 2866 255 2941 inde
280 2867 342 2941 virt
359 2888 529 2966 poterunt
548 2874 602 2962 2³,-
625 2866 723 2940 librce
740 2890 837 2964 aquae
863 2865 907 2938 ad
925 2862 1154 2940 altitudinem
1185 2887 1225 2958 ις
1255 2863 1402 2937 circiter
1424 2889 1482 2962 per

145 2966 253 3041 'dum
274 2965 401 3057 euelri,
427 2965 515 3079 quin
536 2990 607 3056 224
632 2964 767 3039 libraea
795 2986 844 3035 uae
864 2986 909 3034 ex
928 2959 1117 3035 altitudine
1138 2987 1179 3057 ¹3
1198 2959 1327 3061 pedum
1343 2958 1484 3034 descen·

166 3065 274 3156 dant,
301 3089 408 3178 atque
434 3088 487 3138 tta
506 3064 645 3163 pondus
663 2988 841 3160 delaplutn
867 3058 980 3134 ferme
1007 3060 1215 3160 centuplum
1228 3057 1298 3134 erit
1316 3055 1480 3157 ponderis

167 3164 320 3255 elevati,
348 3190 387 3237 tn
407 3163 571 3241 machina
589 3162 730 3263 qualern
748 3156 1017 3258 destriplimus.
1046 3158 1121 3231 Vix
1145 3179 1265 3232 autem
1292 3156 1480 3230 meliorem

164 3263 356 3340 saccellum
373 3262 581 3361 sperandum
610 3262 677 3335 elle
694 3257 869 3334 arbitror:
899 3254 1034 3332 nullam
1051 3254 1148 3330 euim
1165 3254 1321 3356 partium
1337 3252 1482 3328 Machi-

154 3389 224 3448 ,ηπ
250 3361 501 3435 alterationem
529 3359 608 3433 fieri
625 3361 719 3458 posse
737 3357 866 3447 video,
891 3382 989 3456 quae,
1014 3350 1040 3427 fi
1057 3354 1098 3429 ab
1110 3381 1180 3431 una
1198 3377 1298 3454 parte
1317 3352 1403 3445 boni
1420 3353 1483 3427 ali·

171 3460 260 3559 quid
278 3479 476 3556 apportet,
503 3457 673 3533 abaltera
693 3478 801 3555 parte
826 3453 972 3553 aliquod
990 3452 1262 3539 incommodum
1288 3449 1481 3539 necessario
1577 3528 1580 3533 ,
1618 3527 1622 3531 ,
1654 3504 1674 3527 .-

168 3584 246 3637 noa
266 3554 447 3631 invehat:
784 3612 787 3617 .
1087 3614 1092 3637 ,
1437 3630 1440 3635 ,
1518 3554 1542 3582 ’·
1623 3566 1628 3582 ²

217 3661 467 3756 Supponamus
481 3676 535 3735 et.
552 3681 605 3757 gr.
623 3654 787 3731 foramen
804 3651 981 3728 verticelli
999 3658 1031 3733 F
1050 3682 1124 3735 non
1142 3654 1210 3729 else
1227 3675 1336 3737 tanta
1357 3651 1490 3756 ampli-f

169 3756 336 3846 tudinis,
364 3778 404 3832 ut
429 3782 519 3858 aqua
547 3781 610 3856 per
626 3754 715 3829 illud
741 3752 882 3853 ingredi
909 3753 1017 3854 pollit
1041 3755 1165 3835 eodem
1192 3777 1382 3868 tempore,
1409 3779 1492 3855 quo.

168 3882 229 3932 aer
247 3855 430 3959 egreditur
455 3854 581 3956 (quod
600 3852 744 3955 quidem
763 3852 802 3927 in
821 3851 979 3929 Domini
995 3855 1141 3930 Reiselii
1157 3852 1412 3955 experimentis
1428 3851 1480 3931 vi'·
1501 3871 1570 3953 Pag.
1595 3868 1660 3927 226.

169 3956 276 4031 detur
302 3954 511 4055 contigille3
536 3980 647 4056 quum
668 3953 802 4029 iterato
818 3952 961 4055 impetu
981 3951 1017 4029 δι
1036 3981 1098 4056 pet
1113 3953 1304 4033 interualla
1330 3979 1421 4053 aqua
1446 3950 1489 4033 in.

168 4053 324 4155 globum·
338 4053 512 4145 irrueret)
539 4054 675 4154 poterit
692 4051 837 4155 quidem
856 4051 981 4153 globus
1000 4058 1033 4133 E
1053 4051 1198 4154 majoris
1215 4052 1294 4128 fieri
1311 4049 1489 4151 capacite:

171 4153 248 4242 tis,
270 4175 310 4223 ac
327 4150 474 4249 proinde
501 4153 578 4251 plus
596 4176 693 4263 aqua:
719 4149 861 4251 lingulis
888 4148 1367 4251 operationibusobtineri:
1397 4167 1492 4220 atta-r

167 4275 255 4326 men
283 4272 358 4324 non
375 4248 514 4361 poterit
528 4274 573 4322 eo
600 4254 706 4348 ulque
723 4248 867 4348 augeri,
893 4272 931 4325 ut
952 4278 969 4349 ς
989 4253 1095 4330 libras
1121 4276 1217 4365 aquae
1237 4247 1371 4346 capiat:
1400 4243 1484 4316 dum

168 4350 267 4425 enirn
287 4371 467 4450 aperietur
485 4345 731 4448 epistomium,
758 4369 797 4433 ut
824 4374 920 4449 aquae
939 4351 986 4426 in
1019 4355 1141 4435 lobum
1160 4344 1488 4449 ingrelluspateat,

168 4476 231 4527 aer
256 4447 306 4522 ibi
332 4446 485 4522 inclusus
507 4473 585 4528 ,oon
612 4445 725 4522 solum
748 4445 786 4521 in
812 4447 957 4551 duplum
982 4380 1137 4555 [barium
1166 4445 1285 4521 statim
1313 4439 1346 4514 se
1365 4465 1488 4517 exten·

169 4552 252 4638 det,
279 4546 437 4647 utsupra
454 4547 592 4623 diuum
608 4546 684 4639 cst,
710 4570 837 4627 uerum
858 4548 969 4628 etiam
997 4550 1145 4633 ulterius
1170 4539 1404 4622 dilatabitur:
1435 4565 1488 4616 at·

170 4675 240 4753 que
255 4647 307 4725 ita
312 4702 333 4745 2
354 4647 521 4761 liglobus
539 4646 581 4723 lit
598 4674 713 4761 capax
732 4676 750 4745 5
767 4647 944 4734 libratum
960 4675 1059 4817 αΕςιιω
1076 4698 1090 4734 ,
1115 4667 1177 4723 aer
1201 4638 1286 4723 inde
1301 4665 1488 4742 emergens

1013 4769 1031 4814 e
1083 4765 1102 4812 2
1335 4767 1439 4816 occu-
