3784 5459
473 281 1145 386 Enuotronum.
1305 325 1391 430 3m

39 537 44 580 r
155 519 313 602 quorum
339 489 488 574 alterum
501 498 613 599 possit
630 491 789 573 viciffim‘
802 494 963 572 substitui
981 496 1074 613 ipfi,
1101 497 1189 599 quin
1208 526 1329 579 motus
1348 508 1415 605 per‘
1436 530 1470 577 e·
1490 494 1652 572 Affiud·

39 643 42 678 ε
156 623 240 675 tuus
256 600 393 675 oriatur
410 653 426 698 ,γ
447 603 498 673 Et
517 601 567 673 ita
585 599 781 701 sequetur,
806 621 971 674 naturam
998 625 1036 674 tn
1057 599 1310 678 transferendis
1335 530 1472 681 viribus
1490 588 1551 647 ΑΠ’
1569 588 1654 690 ¹⁶⁹¹?

39 741 43 766 r
150 701 364 800 aequalitatis
380 701 486 799 leges·
504 721 578 776 nort
595 699 735 774 seruare
753 697 944 773 effessuum
974 699 1160 799 respeslu.
1188 704 1342 795 Quodsi
1360 706 1471 782 etiam
1491 663 1539 728 Μ’
1559 663 1645 747 δεμ

150 824 221 901 pro
239 824 340 903 parte
358 802 510 875 retineri
527 801 629 890 uim,
653 802 689 872 δι
709 825 775 900 pro
793 823 894 901 parte
912 799 1097 874 transferri
1108 826 1302 901 ponamus,
1329 805 1366 878 in
1377 805 1474 882 idem

149 922 273 976 tamen
293 900 484 976 absurdum
503 900 726 975 incidemus.
752 903 872 973 Erunt
887 898 1061 991 sortasse,
1087 899 1151 1000 qui
1177 904 1235 975 vel
1262 929 1407 978 omnem
1427 934 1470 982 ιι·

150 1002 342 1104 qualitatis
368 1002 466 1075 iuter
485 1001 623 1076 causam
642 997 855 1074 &effessum
874 1001 990 1100 legem
1009 1001 1139 1075 tollent
1166 1004 1308 1102 (quales
1316 1001 1469 1106 suntqui

148 1123 297 1178 motum
326 1125 536 1203 perpetuum
555 1101 786 1176 admittentes
805 1153 816 1192 ,
844 1100 1079 1202 quantumuis
1096 1099 1263 1177 effessum
1282 1129 1343 1205 per
1362 1125 1474 1217 quan·-

151 1202 416 1304 tulumcunque
445 1201 591 1304 produci
612 1201 706 1301 posse
725 1211 884 1301 putant)
911 1199 1112 1282 velsaltem
1132 1202 1309 1303 negabunt
1326 1206 1472 1305 quidem

149 1325 298 1377 motum
310 1324 526 1404 perpetuum
553 1303 613 1376 seu
632 1300 798 1376 effessum
827 1300 927 1376 causa
951 1301 1133 1402 potiorem
1160 1303 1227 1377 else
1244 1303 1471 1403 possibilem,

148 1402 347 1478 admittent
364 1427 506 1494 tamen,
533 1425 573 1476 ut
590 1401 737 1480 effeslus
763 1403 830 1476 effe
857 1400 964 1502 poffit
991 1400 1143 1478 inferior
1159 1401 1288 1480 causa.
1311 1404 1379 1479 Sed
1406 1403 1473 1478 vix

149 1503 478 1604 crederepossum,
505 1506 580 1578 Dn.
597 1506 636 1577 P.
664 1501 734 1577 huc
760 1499 1027 1577 descensurum.
1054 1507 1152 1578 Cum
1179 1502 1276 1579 enim
1304 1503 1472 1580 effessum

148 1600 253 1677 causa
282 1603 463 1704 potiorem
489 1604 556 1677 ess'e
582 1629 655 1678 non
682 1602 776 1702 posse
805 1602 1053 1698 concesserit,
1086 1603 1273 1680 videretur
1297 1603 1470 1707 effugium
1492 1643 1562 1729 pag·
1582 1667 1652 1727 442·

150 1703 344 1815 querentis
369 1704 490 1804 potius
541 1729 622 1779 uana
650 1702 711 1777 fibi
738 1700 1005 1794 satisfacientis,
1033 1703 1171 1779 causam
1190 1703 1381 1780 admittere
1394 1732 1470 1781 ma-

151 1827 270 1902 potem
297 1803 426 1879 effesiu
445 1730 583 1897 totali,
608 1829 690 1878 cum
718 1828 910 1977 utrumpue
937 1829 1034 1905 teque
1060 1830 1081 1877 a
1108 1805 1250 1881 ratione
1276 1804 1471 1882 abhorrere

152 1902 352 1979 videatur.
377 1910 594 2007 sequeretur
612 1904 753 1997 etiam,
779 1930 845 1980 cau
861 1930 920 1978 am
947 1930 1022 1978 non
1051 1905 1145 2004 posse
1172 1904 1306 1980 iterum
1334 1905 1472 1981 restitui

150 2000 287 2105 suoque
315 2004 461 2080 effesiui
487 2003 691 2104 surrogari,
742 2005 814 2077 uod
840 2026 1017 2103 quantum
1045 2004 1235 2077 abhorreat
1262 2030 1472 2080 amorena·

149 2123 243 2176 turae
271 2105 306 2175 δι
335 2104 536 2180 rationibus
561 2030 837 2192 terum,lacile
865 2099 1101 2202 intelligitur.
1128 2103 1405 2202 Eteonsequens
1421 2103 1471 2178 es·

148 2199 203 2275 set
223 2251 238 2292 ,
258 2201 541 2277 decrescentibus
568 2202 705 2303 semper
731 2200 948 2292 effesiibus,
976 2226 1041 2274 trec
1069 2226 1226 2301 unquam
1252 2200 1370 2276 rursus
1395 2227 1472 2277 cre·

148 2297 361 2394 securibus,
397 2300 505 2403 ipsam
534 2327 656 2377 rerum
684 2325 849 2377 naturam
877 2300 1049 2375 continue
1076 2300 1254 2375 declinare
1282 2300 1471 2402 perfessio-

147 2423 196 2475 ne
223 2400 447 2491 imminuta3
477 2401 584 2491 (sere
611 2425 650 2475 ut
677 2404 715 2476 in
744 2402 938 2475 moralibus
963 2400 1155 2475 secundum
1172 2403 1352 2493 Poetam,
1387 2425 1470 2478 aetas

147 2523 341 2602 parentum
371 2501 473 2617 pejor
492 2504 588 2593 avis,
618 2501 702 2576 tulit
721 2499 1089 2602 nosnequiores&c.)
1116 2497 1471 2613 necunquamresut‹

147 2625 232 2702 gete
254 2603 288 2675 8<
308 2605 430 2678 amlssa
450 2627 659 2703 recuperare
678 2603 773 2703 posse
801 2600 871 2675 fine
888 2600 1092 2675 miraculo.
1128 2604 1220 2694 Qtoe
1245 2626 1285 2674 tn
1313 2596 1481 2694 Phyficis'

147 2725 246 2775 certe
264 2701 458 2778 abhorrent
476 2732 496 2779 a
512 2702 687 2805 sapientia
702 2700 971 2802 constantiaque
981 2698 1214 2776 Conditoris.
1241 2698 1469 2802 Videturque

144 2798 247 2874 inter
298 2803 389 2876 rima
417 2803 595 2903 principia
629 2799 734 2900 hujus
758 2802 931 2877 dostrinae
958 2801 1070 2901 recipi
1095 2800 1227 2900 poffe,
1262 2823 1303 2876 ut
1328 2798 1398 2875 sem
1427 2826 1467 2875 er

145 2899 250 2974 causa
269 2828 305 2972 st
324 2899 472 2975 effeblus
498 2902 667 3000 (integra
684 2901 851 3001 integro)
878 2898 1156 2999 aequipolleant.
1183 2903 1235 2975 Et
1251 2898 1333 2976 sane
1360 2828 1466 3001 ipius

143 3002 225 3075 Dn.
244 3004 281 3076 P.
308 2998 483 3098 judicium
511 3002 547 3074 δι
575 3000 770 3075 candorem
792 2998 954 3100 appello,
980 3024 1025 3072 an
1037 2996 1170 3073 rationi
1188 2997 1468 3074 consentaneum

144 3097 211 3199 ipsi
238 3099 426 3194 videatur,
455 3123 493 3176 ut
519 3127 587 3201 pro
615 3099 779 3201 potentia
806 3125 883 3199 quae
900 3119 1043 3199 poterat
1071 3098 1236 3172 attollere
1255 3121 1361 3171 unam
1385 3097 1467 3173 libr.

145 3198 193 3274 ad
216 3210 259 3272 16
287 3202 412 3303 pedes,
438 3201 580 3276 oriatur
598 3226 685 3274 mox
705 3199 870 3301 potentia
895 3223 972 3299 quae
989 3196 1272 3299 pollitattollere
1297 3222 1405 3274 unam
1421 3196 1465 3272 li·

145 3298 251 3374 bram
279 3302 419 3377 nonnisi
446 3302 535 3393 ad4
564 3303 697 3402 pedes?
722 3301 860 3401 reliqua
887 3297 1052 3399 potentia
1078 3295 1197 3371 nescio
1222 3296 1407 3397 quomodo
1430 3324 1466 3373 a·

142 3399 278 3490 missa,
304 3402 340 3473 δι
367 3424 407 3472 ut
434 3401 485 3475 ita
513 3401 630 3475 dicam
658 3401 876 3488 annihilata,
903 3397 974 3472 fine
1002 3398 1076 3471 ullo
1095 3394 1463 3571 vestigioesfesiupue

144 3497 295 3572 relisio.
324 3498 436 3590 Quod
462 3499 587 3599 utique
615 3499 865 3598 contingeret,
892 3496 917 3569 li
944 3521 1011 3596 pro
1042 3522 1056 3566 1
1088 3496 1167 3569 libr.
1195 3497 1308 3572 velot.
1325 3523 1360 3587 4
1404 3523 1464 3572 uc·

141 3597 271 3672 cedere
300 3599 412 3698 posset
439 3626 464 3712 p
490 3598 551 3673 lib.
578 3599 693 3673 ueloc.
716 3624 745 3671 ι.
773 3595 955 3690 Qinimo
982 3594 1078 3669 effici
1093 3595 1270 3769 poterit,
1295 3619 1337 3671 ut
1363 3619 1465 3676 totus

140 3695 292 3773 effedlus
317 3697 525 3774 substitutus
548 3698 613 3773 virt
640 3697 863 3773 millefimam
897 3717 962 3770 aut
987 3718 1090 3770 cente
1119 3720 1214 3772 mam
1241 3694 1464 3774 millesrnam

138 3799 210 3874 &c
239 3823 378 3902 partem
406 3798 481 3898 ejus
506 3801 604 3902 quod
632 3799 733 3874 causa
761 3818 927 3899 poterat,
956 3792 1115 3898 prestare
1141 3795 1273 3897 poffit.
1309 3800 1409 3873 Nam
1436 3797 1463 3872 st

167 3924 210 3972 ro
238 3927 252 3972 1
273 3901 365 3975 libr.
393 3903 507 3976 velot.
524 3929 626 3975 1000.
654 3898 886 3975 substituatur
911 3923 1013 3970 1000.
1040 3895 1122 3971 libr.
1140 3897 1253 3974 velot.
1277 3924 1306 3973 ι.
1332 3905 1348 3987 (
1390 3896 1462 3972 uod

135 3925 331 4074 secundum
359 4003 546 4102 vulgarem
571 4001 787 4076 sententiam
815 3994 895 4073 fieri
923 3994 1061 4099 potest)
1087 3995 1232 4076 effeslus
1258 3997 1302 4074 ad
1320 3923 1465 4072 millefi-

134 4123 239 4174 mam
268 4124 406 4198 partem
434 4102 632 4202 redigitur,
659 4097 735 4202 q'uae
762 4097 935 4173 videntur
962 4095 1190 4198 perabsurda.
1217 4101 1269 4172 Et
1286 4093 1462 4196 generali·

135 4221 196 4273 ter
223 4198 361 4299 posito,
390 4201 546 4299 primum
574 4200 650 4274 dari
671 4206 707 4275 A
733 4199 848 4274 velot.
867 4224 918 4289 t,
944 4197 1032 4272 &B
1059 4199 1172 4276 reloc.
1191 4220 1230 4283 ες
1257 4191 1461 4271 translatio·

135 4323 201 4373 nes
229 4323 320 4373 vcro
345 4302 381 4374 δι
409 4298 599 4374 concursus
626 4300 693 4372 else
721 4303 757 4373 A
790 4296 906 4372 velot.
936 4304 985 4388 (c)
1011 4298 1047 4371 dt
1068 4303 1105 4374 Β
1132 4297 1247 4373 velot.
1275 4299 1323 4384 (e)
1348 4294 1386 4367 ἀ
1409 4293 1461 4369 se·

134 4397 294 4476 cundum
322 4426 361 4475 te
389 4401 485 4475 ulam
511 4400 695 4501 vulgarem
720 4396 969 4485 aCartestanis
993 4398 1150 4472 maxime
1168 4390 1367 4483 defensam,
1391 4392 1461 4468 ser·

135 4501 294 4575 vandam
323 4427 391 4576 esse
417 4499 659 4603 quantitatem
686 4520 846 4591 motus,
878 4495 939 4574 seu
976 4497 1044 4571 else
1072 4500 1137 4571 Ac
1161 4499 1202 4582 -1-
1228 4496 1285 4568 Be
1309 4518 1394 4594 aqu.
1420 4497 1460 4572 A

37 4599 40 4640 ²
135 4607 201 4713 (c)
229 4606 327 4692 -Ι-,Β
353 4609 445 4697 (e),
471 4602 559 4682 tales
585 4600 710 4682 assumi
735 4598 880 4703 possunt
906 4592 1073 4686 numeri,
1098 4614 1139 4667 ut
1164 4588 1287 4669 eadem
1312 4593 1461 4672 absurda

136 4724 372 4784 oriantur.⁴

37 4797 43 4842 ³
147 4829 152 4842 ·
1291 4795 1456 4876 mira-³
