3784 5459
489 270 618 380 300.
879 225 1273 326 ACTA

256 446 640 538 ae.rru‹t1„aensut
667 466 820 530 troiam
848 442 945 520 suam
972 437 1049 512 virn
1078 434 1269 511 transferre
1295 429 1516 533 supponatur
1543 434 1584 511 in
1612 434 1773 538 globum

256 532 315 591 Au·
336 528 421 601 1⁶91·
443 550 655 638 utrilibrem,
682 546 780 659 isque
802 543 952 645 proinde
978 538 1172 612 secundum
1199 535 1386 637 vulgarem
1397 533 1614 611 senteutiam
1637 538 1770 615 debeat

256 607 305 699 M.
324 606 408 698 Sept.
441 651 599 751 recipere
616 643 848 736 velocrt'atem
876 666 916 715 ut
932 669 976 733 4,
1004 638 1185 728 oriturum
1204 636 1273 708 esse
1299 633 1467 711 effessum
1487 637 1674 736 potiorem
1687 666 1771 715 can·
1827 635 1845 684 ⁸

440 750 498 843 fa,
524 750 733 824 scumoturn
755 766 967 857 perpetuum
988 733 1256 813 mechanicum.
1282 737 1402 808 Potius
1428 761 1550 810 autem
1568 737 1629 811 hic
1647 766 1771 833 voco,

441 852 564 951 inquo
582 850 694 943 vel-in
714 842 960 940 curuseffcdl‘u
977 840 1186 930 continetur
1213 837 1366 910 alterum
1394 838 1583 929 (inferius)
1608 862 1670 913 aut
1692 841 1770 939 ejus

443 951 611 1041 effecius,
638 951 674 1021 δι
694 946 809 1021 adhuc
828 942 964 1043 aliquid
992 963 1179 1042 praterea,
1206 934 1264 1010 seu
1280 939 1395 1034 potius
1411 938 1446 1007 8(
1464 939 1607 1030 inferius
1623 941 1770 1013 uelata·

439 1055 500 1143 jus
525 1053 561 1124 8<
589 1051 699 1122 minus
727 1044 895 1118 hocloco
914 1041 1019 1132 suut,
1046 1067 1128 1114 cum
1148 1060 1320 1111 contenta
1347 1037 1539 1128 (formalia
1558 1040 1618 1113 vel
1629 1039 1768 1116 virtua-

445 1152 513 1242 lia)
539 1149 642 1246 hujus
669 1149 707 1221 in
725 1144 819 1219 illius
837 1141 1019 1216 contentis
1045 1138 1219 1213 insunt&
1239 1136 1373 1238 aliquid
1402 1163 1596 1239 praetcrea.
1626 1143 1687 1215 lta
1705 1165 1766 1242 po-

444 1251 518 1325 tius
545 1248 613 1340 est,
640 1246 738 1351 quod
765 1244 932 1318 attollere
953 1240 1066 1341 potest
1092 1239 1223 1313 libram
1252 1238 1362 1312 adro
1390 1238 1514 1340 pedes,
1541 1265 1653 1343 quam
1671 1242 1764 1345 quod

444 1351 488 1426 ad
507 1376 551 1441 43
581 1371 663 1423 nam
683 1344 772 1422 illud
790 1344 901 1420 etiam
927 1342 1057 1419 libram
1082 1337 1220 1416 attollit
1248 1338 1291 1415 ad
1307 1367 1333 1431 4
1351 1341 1455 1441 pedes
1473 1342 1508 1414 δι
1519 1367 1693 1443 praeterea
1712 1344 1765 1424 ad

443 1449 514 1524 huc
534 1448 578 1523 ad
603 1446 788 1549 12pedes.
889 1450 911 1486 ·’
961 1477 967 1486 ·
1057 1469 1060 1478 “
1149 1473 1150 1476 ’

493 1547 717 1625 Clarissimus
744 1553 781 1624 P.
811 1545 928 1621 mense
949 1546 1115 1634 Ianuario
1140 1542 1299 1618 Abiorum
1326 1542 1430 1632 hujus
1454 1544 1537 1616 anni
1563 1544 1694 1645 partim
1721 1545 1766 1623 ad

443 1665 566 1725 meum
593 1654 844 1751 argumentum
871 1646 1092 1748 respondet,
1128 1644 1261 1746 partim
1288 1643 1331 1718 ad
1358 1641 1460 1717 suum
1485 1646 1582 1745 quod
1609 1646 1764 1738 nefiit,

444 1761 648 1826 accuratam
676 1749 938 1852 responfionetn
964 1747 1042 1847 jure
1068 1746 1132 1820 suo
1159 1744 1339 1847 postulat.
1375 1747 1510 1845 Sequar
1545 1770 1766 1846 praeeuntem

444 1877 489 1926 eo
516 1850 706 1942 libentius,
733 1851 881 1952 quod&
903 1848 1155 1949 perspicaciam
1181 1843 1255 1945 ejus
1272 1843 1509 1917 &candorem
1534 1846 1765 1921 animadver-

444 1974 515 2026 to.
542 1952 698 2029 Interim
726 1952 770 2024 ad
797 1949 1003 2052 argumenti
1031 1948 1103 2021 mei
1130 1971 1268 2046 partem
1297 1966 1440 2017 tantum
1470 1941 1675 2043 respondere
1704 1946 1765 2020 vi·

445 2054 568 2129 detur.
596 2051 777 2128 Concedit
805 2049 974 2140 candide,
1003 2072 1143 2123 motum
1171 2069 1384 2148 perpetuum
1412 2045 1764 2146 exvulgarisenten·

264 2184 336 2268 pag,
355 2204 426 2264 44„
447 2153 499 2228 tia
525 2151 729 2228 secuturum
758 2153 845 2240 else,
873 2148 898 2223 fi
925 2148 1024 2252 globi
1050 2176 1076 2240 4
1099 2148 1293 2236 libratum,
1319 2143 1525 2219 velocitatis
1552 2168 1590 2219 ut
1613 2171 1662 2238 r,
1689 2169 1763 2222 tota

447 2254 503 2328 vis
530 2248 841 2365 transserri'posst't
868 2250 907 2324 in
925 2251 1074 2351 globum
1102 2248 1205 2322 unius
1231 2245 1359 2337 librae,
1386 2245 1443 2319 sed
1471 2243 1539 2319 hoc
1564 2242 1645 2319 fieri
1673 2247 1764 2347 posse

446 2376 572 2452 negat.
601 2357 684 2453 Ego
713 2351 855 2450 (rnquit
870 2371 907 2448 p.
920 2348 1084 2439 248..st
1097 2347 1426 2437 Erudhujusanni)
1453 2344 1499 2414 <Y
1514 2367 1637 2418 morum
1653 2368 1763 2445 perpe·

443 2473 539 2524 tuum
566 2452 749 2548 absurdum
776 2452 837 2543 effe
857 2450 992 2541 fateor,
1020 2447 1063 2518 (9
1077 2447 1382 2535 demonstrationem
1409 2474 1448 2517 ex
1459 2447 1634 2544 suppostrix
1661 2469 1764 2544 transf

443 2543 567 2638 serione
586 2552 647 2646 effe
663 2551 866 2647 legitimam.
896 2554 946 2624 Et
968 2575 1075 2642 mox,
1093 2550 1130 2637 st
1156 2550 1240 2621 mibi
1255 2549 1381 2632 indicet
1408 2550 1571 2620 rationem
1597 2550 1762 2646 aliquam,

444 2657 515 2751 qua
532 2672 603 2722 rora
620 2652 678 2724 vis
694 2652 814 2722 matrix
829 2649 907 2736 sine
929 2652 1092 2722 miraculo
1117 2666 1308 2746 excerpere
1327 2649 1446 2736 majori
1472 2648 1656 2740 transferri
1668 2670 1764 2747 queat

444 2750 669 2824 inmissus&
687 2753 884 2848 quiescens,
911 2777 970 2847 ego
997 2753 1057 2823 vel
1071 2772 1193 2822 morum
1209 2769 1405 2848 perpetuum
1432 2750 1493 2820 vel
1519 2749 1632 2822 virias
1654 2775 1766 2823 manus

443 2852 550 2925 dabo.
579 2849 641 2925 De
659 2850 800 2925 ratione
822 2850 891 2924 hoc
906 2850 1088 2926 efficiendi
1108 2848 1246 2953 postea,
1275 2875 1369 2923 nunc
1389 2846 1507 2923 dicam
1530 2850 1574 2926 ad
1590 2851 1664 2923 vim
1695 2847 1767 2922 mei

444 2952 673 3053 argumenti,
701 2977 741 3024 ea
759 2950 996 3025 nonomnino
1014 2951 1081 3024 else
1100 2976 1206 3051 opus.
1235 2947 1337 3024 Mihi
1355 2947 1451 3022 enim
1468 2948 1632 3022 satisfuit
1649 2948 1769 3021 oslen-

444 3050 557 3141 dere,
584 3077 617 3142 4.
638 3051 700 3125 lib.
720 3051 835 3125 velot.
859 3077 873 3123 r
896 3103 907 3143 ,
934 3051 970 3123 δι
1006 3078 1018 3122 t
1041 3051 1102 3124 lib.
1121 3052 1233 3124 veloc.
1251 3078 1286 3140 4.
1314 3075 1388 3123 non
1416 3050 1507 3149 posse
1532 3049 1596 3121 esse
1622 3046 1767 3121 virium

444 3150 633 3251 aequalium
653 3177 665 3239 3
694 3176 775 3225 cum
803 3149 827 3224 st
837 3152 1059 3247 supponimus
1087 3176 1196 3225 unum
1217 3151 1254 3224 in
1275 3150 1416 3224 alterius
1441 3148 1558 3221 locum
1576 3145 1765 3242 substitui,

444 3238 614 3351 sequatur
632 3274 753 3325 motus
772 3274 982 3350 perpetuus.
1010 3254 1097 3326 Non
1120 3252 1233 3352 igitur
1253 3277 1343 3351 opus
1360 3250 1492 3340 habeo,
1514 3271 1555 3322 ut
1583 3246 1764 3323 ollendam

444 3350 594 3426 modum
614 3348 691 3424 effu
710 3349 890 3425 efficiendi
918 3350 1008 3425 hanc
1027 3350 1344 3426 substitutionem.
1369 3350 1408 3424 si
1428 3350 1507 3450 quis
1523 3372 1642 3423 autem
1663 3372 1762 3450 neget

443 3474 564 3540 meam
583 3449 675 3524 hanc
693 3449 829 3525 uirium
858 3451 1047 3551 aequalium
1065 3452 1100 3524 &
1121 3452 1348 3555 inaequalium
1371 3447 1622 3525 definitionem
1639 3457 1763 3551 (quam

444 3571 568 3622 tamen
586 3552 662 3624 Dn.
684 3554 721 3624 P.
747 3550 938 3626 admittere
958 3550 1050 3625 visus
1068 3550 1139 3643 esi)
1166 3575 1255 3653 ego,
1282 3578 1325 3625 ne
1344 3551 1387 3626 de
1406 3550 1760 3652 nominelitigemus‚

444 3649 482 3746 id
502 3671 644 3722 tantum
662 3673 839 3751 quaeram,
865 3678 909 3724 an
928 3677 1004 3725 non
1031 3651 1151 3752 reapse
1179 3676 1307 3727 natura
1334 3677 1414 3727 eam
1435 3650 1628 3745 observet,
1654 3651 1708 3725 seu
1722 3677 1764 3724 an

443 3773 519 3822 non
541 3774 686 3838 caveat,
714 3775 753 3825 ut
772 3776 1016 3852 nunquamea
1044 3750 1106 3825 fibi
1124 3752 1309 3828 substituat
1327 3753 1432 3846 assu,
1462 3780 1622 3857 quorum
1645 3751 1760 3827 saltem

446 3848 624 3921 alterutro
642 3850 748 3924 alteri
774 3850 967 3963 subrogato
986 3875 1106 3925 motus
1133 3875 1323 3956 perpetuus
1349 3850 1440 3929 oriri
1460 3854 1590 3955 possit.
1620 3857 1761 3929 Certum

443 3946 493 4021 est
514 3947 760 4050 experimenta
788 3955 930 4050 prorsus
947 3951 1093 4045 favere,
1119 3980 1186 4030 nec
1204 3957 1317 4030 ullum
1335 3955 1545 4055 exemplum
1572 3955 1617 4030 in
1635 3977 1765 4030 eontra·

442 4048 539 4124 rium
568 4075 709 4126 extare.
737 4055 822 4125 Hoc
841 4054 1033 4143 concesso,
1061 4075 1136 4128 non
1163 4054 1278 4132 habeo
1304 4075 1415 4158 opus,
1442 4080 1482 4130 ut
1502 4077 1583 4131 tota
1616 4055 1674 4131 vis
1698 4078 1765 4128 cot·

441 4148 540 4250 poris
566 4150 713 4250 majoris
741 4151 824 4226 aslu
849 4151 1085 4226 transferatur
1111 4154 1150 4228 in
1176 4182 1302 4256 corpus
1327 4158 1446 4231 minus
1472 4183 1483 4245 3
1518 4156 1661 4232 sufficit
1688 4149 1768 4228 mihi

441 4251 600 4351 exempli
630 4250 730 4327 causa
760 4251 879 4353 (quod
908 4254 1104 4328 concedere
1130 4255 1276 4332 videtur
1304 4262 1379 4332 Dn.
1392 4261 1456 4348 P.)
1483 4279 1609 4332 totam
1628 4257 1703 4332 vim
1714 4252 1769 4329 mi·
1852 4271 1853 4339 l

442 4350 603 4440 norisio
632 4352 747 4451 majus
774 4351 961 4425 transferri
990 4356 1103 4455 posse.
1130 4358 1258 4458 Itaque
1277 4355 1301 4431 st
1321 4380 1399 4432 tota
1416 4357 1474 4431 vis
1506 4385 1521 4430 r
1542 4357 1612 4434 lib.
1625 4359 1768 4446 veloc4
1852 4391 1853 4411 ι

442 4450 676 4556 transferatur
704 4453 743 4526 in
764 4476 894 4550 corpus
920 4451 1093 4528 librarum
1112 4483 1157 4547 4,
1187 4459 1223 4529 δι
1242 4457 1311 4531 hoc
1329 4458 1417 4535 adeo
1434 4457 1638 4535 secundum
1659 4458 1772 4559 vulga·

439 4575 518 4632 rem
546 4550 762 4627 sententiam
791 4549 943 4651 recipiat
970 4555 1207 4630 velocitatem
1234 4581 1274 4631 ut
1298 4584 1341 4651 1,
1368 4557 1554 4633 incidetur
1583 4559 1695 4637 inid
1721 4558 1772 4631 ab·

440 4647 587 4725 surdum
614 4660 766 4739 (contra
797 4650 990 4745 concessa)
1018 4676 1058 4732 ut
1079 4682 1206 4735 eorum
1234 4683 1346 4736 unum
1371 4656 1615 4737 substituatur
1642 4659 1772 4747 alteri,

1643 4787 1732 4863 quo·
