3784 5459
368 243 1128 380 -Esnnnrnonnm’
1298 253 1364 395 ¹71

136 465 221 550 uris
248 467 314 562 esi,
331 466 463 546 'Patino
489 496 587 548 aram
613 469 646 545 ei
672 473 730 546 vel
756 471 849 547 basin
875 470 1030 547 offerens
1056 466 1221 560 uidetur,
1248 469 1306 544 cni
1330 468 1450 544 inscri-
1470 465 1632 534 Astrud.

140 596 246 673 ptum
270 569 341 660 est,
376 584 519 654 ΕΡΩΤῙ
542 585 716 655 oTPAN:
747 574 856 646 altera
881 572 1035 671 lugens,
1070 592 1177 744 atque
1204 568 1339 670 aliquid
1363 568 1451 643 folio
1471 549 1634 690 34⁰6&

146 692 208 746 aut
231 666 325 742 bastae
336 669 487 771 largiori
508 671 643 773 cuspidi
670 671 781 746 simile
798 694 939 756 tenens3
967 668 1024 742 sed
1040 693 1111 768 quo
1155 665 1287 740 nescire
1304 666 1337 739 se
1356 667 1452 742 idem

143 769 282 843 Petinus
308 767 462 881 ingenue
486 770 649 845 satetur.
679 774 763 842 Atre
787 767 976 867 Cupidinis
1001 766 1222 840 simulacrum
1250 764 1456 879 impositum

147 865 211 956 est,
233 868 269 939 ὃ(
299 867 445 964 quidem
473 895 547 944 non
566 866 655 943 nudi
681 887 821 939 tantum
847 890 953 964 atque
971 865 1074 956 alati,
1101 888 1141 936 ut
1168 862 1257 964 fingi
1283 864 1455 964 pungique

140 963 302 1064 alioquin
329 963 447 1056 solet,
481 966 540 1041 sed
567 967 604 1038 δι
632 988 798 1078 tanquam
834 962 1020 1055 tibicinis,
1055 961 1151 1063 quod
1177 961 1238 1034 fibi
1272 988 1455 1063 nunquam

137 1061 225 1137 alias
254 1059 485 1138 obseruatum
502 1065 597 1139 idem
615 1060 852 1175 Antiquatius
868 1060 1008 1135 scribit.
1035 1066 1133 1134 Pone
1148 1086 1245 1136 aram
1266 1061 1370 1135 arbor
1387 1060 1456 1151 esi,

136 1158 242 1257 cujus
270 1183 314 1232 ex
340 1162 450 1236 ramis
465 1163 601 1264 serpens
617 1184 819 1262 prominet,
845 1160 1009 1261 quaejam
1036 1162 1209 1260 cupressus
1233 1159 1375 1235 videtur
1393 1164 1455 1234 Pa·

139 1258 246 1351 tino‚
269 1256 342 1356 jam
363 1284 501 1355 myrtus
527 1260 660 1336 Veneri
688 1259 800 1336 sacra.
827 1261 871 1333 ln
885 1258 1057 1334 ulteriori
1085 1259 1270 1332 marmoris
1287 1281 1385 1358 parte
1402 1279 1454 1332 ta·

140 1356 232 1432 bella
258 1354 467 1434 observatur
492 1386 574 1435 cum
600 1359 735 1435 duabus
762 1358 917 1449 arculis,
954 1357 1145 1459 inquibus
1172 1358 1250 1431 thus
1275 1358 1313 1431 in
1340 1356 1454 1431 hono·

144 1479 219 1529 rem
246 1479 475 1531 mortuorum
501 1459 644 1535 incendi
672 1457 831 1548 suetum,
858 1455 1047 1561 repositum
1064 1455 1186 1546 fuisse,
1212 1457 1358 1530 Patinus
1375 1481 1458 1529 eon·

140 1552 248 1653 jicit.
283 1556 362 1630 lma
388 1555 505 1632 inibus
530 1558 623 1633 hune
650 1556 694 1642 iu=
714 1557 861 1632 modum
889 1555 1080 1658 expositis,
1115 1561 1260 1631 Graecas
1286 1580 1392 1628 voces
1418 1554 1456 1627 in

141 1653 329 1727 marmoris
356 1582 516 1757 suprema
543 1659 579 1731 dt
606 1654 730 1732 infima
757 1679 857 1757 parte
891 1678 1052 1731 extantes
1078 1654 1279 1755 singulatim
1307 1651 1456 1728 illustrat

145 1752 306 1836 Patinus:
337 1754 373 1827 8<
401 1757 518 1856 primo
544 1755 689 1859 quidem
716 1756 846 1830 multas
872 1754 977 1830 affert
1004 1753 1287 1855 Inscriptiones,
1313 1752 1351 1827 in
1378 1749 1457 1851 qui·

145 1849 206 1923 bus
232 1852 488 1930 Marcellorum
508 1881 549 1931 ac
567 1855 848 1944 Marcellarum,
874 1855 1173 1930 Marcellinorum
1190 1854 1277 1928 item
1296 1878 1335 1927 ac
1352 1854 1455 1925 Mar·
1487 1933 1489 1936 .

145 1948 353 2025 cellinatum
385 1951 584 2030 honorifica
610 1952 653 2029 sit
680 1955 838 2045 mentio,
864 1954 1163 2053 quemadmodum
1180 1979 1245 2026 nec
1273 1948 1456 2024 Marcella

138 2043 214 2142 ejus
240 2049 484 2125 dememinisse
509 2051 652 2150 potuit,
677 2077 785 2148 quant
810 2074 981 2213 taquram
1008 2050 1190 2211 fiqssularis
1216 2045 1458 2120 sanuimoniae

136 2145 288 2219 viduam
303 2170 492 2255 tantopere
512 2148 556 2217 ab
571 2146 803 2237 Hieronymo
820 2145 891 2213 cele
917 2165 1030 2214 ratam
1063 2145 1148 2213 uisse
1165 2140 1321 2212 constat.
1337 2139 1463 2228 Dein,

141 2264 226 2315 cum
252 2240 473 2327 Marcelline
496 2251 647 2339 ἐρχημ.
663 2258 825 2338 ,rmum
839 2249 984 2337 sparsor,
1019 2237 1052 2310 lt.
1078 2262 1108 2310 e.
1133 2235 1292 2309 sacerdos
1326 2232 1461 2311 summa

142 2336 301 2413 Veneris
329 2337 474 2410 coelestis
499 2341 640 2414 dicatur
664 2341 702 2413 in
732 2364 937 2429 marmore,
971 2360 1015 2409 ex
1039 2333 1123 2408 aliis
1143 2331 1458 2433 suscriptionibus,
1481 2346 1550 2430 Pag.
1571 2363 1642 2432 559.

140 2434 257 2536 iisque
283 2460 353 2534 qua
381 2437 609 2538 Graecisque
635 2437 793 2530 Latinis,
819 2453 1045 2535 squamam}
1072 2430 1246 2524 ostendit,
1270 2431 1379 2505 etiam
1398 2430 1460 2513 sre-
1506 2475 1508 2480 ·

140 2533 257 2610 minas
282 2533 370 2610 olim
397 2532 598 2613 sacerdotio
622 2537 681 2612 seu
709 2535 906 2612 ministerio
941 2541 1107 2616 Deorum
1133 2530 1233 2605 fuisse
1268 2530 1458 2607 adhibitas.

142 2636 258 2710 Porro
283 2657 365 2706 curn
384 2635 506 2711 Venus
531 2635 808 2737 cognominetur
825 2635 859 2709 h.
879 2636 900 2709 l.
919 2635 1056 2712 Urania
1080 2631 1139 2705 seu
1164 2628 1331 2722 coelestis,
1358 2655 1460 2705 occa·

142 2728 241 2804 fione
258 2729 323 2803 hac
342 2756 503 2831 arrepta,
530 2757 673 2811 centurn
692 2733 895 2836 &triginta
922 2757 1048 2836 praeter
1074 2752 1221 2829 propter
1241 2753 1460 2829 cognomen-

142 2851 204 2918 ta,
229 2853 336 2928 eaque
354 2831 483 2928 partim
501 2840 647 2925 Grata,
673 2832 806 2946 partim
824 2830 1126 2931 Latina,*quibus
1142 2832 1264 2902 Venus
1283 2826 1326 2902 ab
1343 2826 1461 2904 omni·

145 2928 209 3001 bus
226 2924 299 3000 sere
314 2929 479 3027 gentibus
494 2934 609 3022 culta,
634 2932 704 3004 furt
719 2929 782 3003 inst
808 2930 905 3020 nite,
930 2928 1120 3004 secundum
1138 2925 1264 3000 seriem
1292 2924 1455 3022 alphabe-

144 3024 255 3102 ticam
273 3025 428 3101 recenset
446 3030 663 3130 &explicam
689 2957 854 3103 Tancsem
872 3028 956 3129 quia
973 3027 1011 3101 in
1028 3051 1088 3102 ara
1105 3024 1293 3097 marmoris
1310 3026 1458 3107 ΕΡΩΤῙ

144 3138 303 3212 οΤΡΑΝ
325 3126 357 3198 le
382 3126 476 3220 itur,
502 3126 692 3230 Cupidinis
717 3126 776 3204 seu
802 3127 952 3201 Amoris
977 3120 1271 3201 coelestiscultum
1291 3123 1461 3224 antiquis·

141 3224 271 3308 fimum
291 3152 398 3300 fuisse¹
419 3225 567 3326 probat,
591 3224 947 3327 distinguendumque
974 3224 1018 3300 ab
1043 3220 1122 3298 eliis
1137 3219 1375 3319 Cupidinibus
1391 3225 1460 3302 esse

145 3323 274 3413 docet,
301 3322 469 3421 siquidem
495 3325 686 3401 secundum
712 3324 930 3401 Ciceronem
955 3322 1016 3398 lib.
1037 3350 1068 3417 3.
1096 3319 1138 3394 de
1162 3320 1252 3393 Nae.
1271 3323 1458 3411 Deorum,

148 3441 223 3506 tres
250 3419 316 3494 sint
342 3421 565 3519 Cupidines,
599 3421 734 3521 primus
759 3447 804 3506 ex
831 3423 1020 3497 Mercurio
1046 3419 1081 3490 δι
1109 3417 1259 3510 Diana,
1292 3418 1462 3495 secundus

145 3544 194 3592 ex
222 3516 410 3591 Mercurio
435 3519 471 3591 δι
497 3522 668 3610 Venere,
694 3519 822 3593 tertius
849 3523 1007 3593 Anteros
1033 3542 1077 3590 ex
1105 3517 1227 3590 Marte
1254 3517 1290 3589 dt
1316 3523 1460 3594 Venere

144 3637 366 3729 prognatum
393 3613 582 3692 secundum
604 3616 789 3696 Platonem
818 3641 908 3694 vero
933 3617 1026 3708 duo,
1045 3616 1141 3691 alter
1166 3614 1342 3717 vulgaris,
1368 3617 1461 3696 alter

147 3719 308 3792 Uranrus
333 3712 404 3791 five
430 3713 596 3798 coelestis.

648 3819 670 3863 st
793 3819 815 3864 Ι·
936 3819 959 3864 ἡ

198 3915 237 3992 Si
264 3879 740 4022 conjesiurarssuperaddere⁴¹
754 3880 969 4022 conjesluris
984 3918 1090 4012 licet,
1114 3917 1261 4022 quod&
1277 3919 1362 3996 alias
1385 3935 1458 3996 non

149 4016 260 4093 semel
285 4017 378 4092 circa
402 4020 549 4123 antiqua
575 4020 611 4098 id
637 4043 747 4121 genus
772 4044 1026 4112 monumenta,
1053 4019 1142 4095 citra
1168 4019 1461 4097 malevolentiam

151 4138 322 4205 omnem,
347 4117 383 4188 δι
409 4143 471 4211 ea,
497 4144 566 4219 qua
591 4118 643 4194 sas
669 4118 741 4211 esi,
766 4119 953 4212 modestia,
982 4145 1046 4194 nos
1071 4117 1187 4195 secisse
1214 4117 1463 4202 meminimus,

148 4212 277 4314 ecquid
304 4212 438 4304 obstat,
462 4218 674 4317 quominus
700 4219 736 4292 δι
763 4217 956 4294 Patinianae
982 4218 1208 4294 monumenti
1226 4216 1330 4313 hujus
1349 4211 1461 4321 expli·

149 4310 287 4388 cationi
305 4312 475 4386 nonnihil
488 4315 749 4416 cogitationum
767 4315 963 4391 nostrarum
973 4316 1199 4416 adjiciamus?
1217 4318 1346 4410 Neque
1364 4333 1462 4382 emm

148 4410 351 4488 dubitamus
376 4409 474 4504 sore,
499 4436 539 4488 ut
564 4414 786 4489 Clariffimus
813 4414 978 4507 Petinus,
1003 4441 1109 4518 quem
1127 4413 1259 4487 Virum
1284 4403 1382 4518 mirae
1398 4404 1461 4482 hu·

150 4508 336 4587 munitatis
368 4536 445 4587 non
477 4510 621 4606 minus,
656 4539 762 4615 quam
795 4539 880 4591 rarae
916 4513 1129 4590 eruditionis
1162 4506 1230 4578 esse
1264 4530 1460 4598 nutrimur,

147 4621 300 4710 e'rrssduor
314 4627 395 4711 μέρει
418 4610 488 4691 hoc
503 4611 662 4708 nostrum
687 4612 729 4692 in
744 4614 875 4693 bonam
890 4635 1031 4715 partem
1040 4606 1181 4711 rapiat.
1206 4604 1247 4679 Is.
1259 4630 1292 4708 p.
1306 4632 1335 4679 r.
1361 4630 1459 4682 com-

1312 4730 1411 4781 ruen-
