<?xml version="1.0" encoding="UTF-8"?>
<!DOCTYPE html PUBLIC "-//W3C//DTD XHTML 1.0 Transitional//EN"
    "http://www.w3.org/TR/xhtml1/DTD/xhtml1-transitional.dtd">
<html xmlns="http://www.w3.org/1999/xhtml" xml:lang="en" lang="en">
 <head>
  <title>
</title>
<meta http-equiv="Content-Type" content="text/html;charset=utf-8" />
  <meta name='ocr-system' content='tesseract 3.04.00' />
  <meta name='ocr-capabilities' content='ocr_page ocr_carea ocr_par ocr_line ocrx_word'/>
</head>
<body>
  <div class='ocr_page' id='page_1' title='image "./opusculaomniaac00unkngoog_0118.png"; bbox 0 0 3784 5459; ppageno 0'>
   <div class='ocr_carea' id='block_1_1' title="bbox 491 266 1282 407">
    <p class='ocr_par' dir='ltr' id='par_1_1' title="bbox 491 266 1282 407">
     <span class='ocr_line' id='line_1_1' title="bbox 491 266 1282 407; baseline -0.023 -27"><span class='ocrx_word' id='word_1_1' title='bbox 491 312 583 407; x_wconf 92' lang='lat'>104</span> <span class='ocrx_word' id='word_1_2' title='bbox 891 266 1282 369; x_wconf 80' lang='lat' dir='ltr'>ACTA</span> 
     </span>
    </p>
   </div>
   <div class='ocr_carea' id='block_1_2' title="bbox 256 466 1867 4880">
    <p class='ocr_par' dir='ltr' id='par_1_2' title="bbox 256 466 1867 4880">
     <span class='ocr_line' id='line_1_2' title="bbox 256 466 1763 599; baseline -0.011 -34"><span class='ocrx_word' id='word_1_3' title='bbox 256 487 422 565; x_wconf 66' lang='lat' dir='ltr'>nentur.</span> <span class='ocrx_word' id='word_1_4' title='bbox 442 468 588 563; x_wconf 82' lang='lat' dir='ltr'>haberet</span> <span class='ocrx_word' id='word_1_5' title='bbox 616 480 843 599; x_wconf 80' lang='lat' dir='ltr'>praepeditam</span> <span class='ocrx_word' id='word_1_6' title='bbox 871 501 1051 572; x_wconf 85' lang='lat' dir='ltr'>mentem,</span> <span class='ocrx_word' id='word_1_7' title='bbox 1078 499 1156 552; x_wconf 90' lang='lat' dir='ltr'>tum</span> <span class='ocrx_word' id='word_1_8' title='bbox 1174 471 1273 583; x_wconf 87' lang='lat' dir='ltr'>quod</span> <span class='ocrx_word' id='word_1_9' title='bbox 1298 469 1459 547; x_wconf 89' lang='lat' dir='ltr'>nondum</span> <span class='ocrx_word' id='word_1_10' title='bbox 1475 466 1572 546; x_wconf 87' lang='lat' dir='ltr'>illins</span> <span class='ocrx_word' id='word_1_11' title='bbox 1598 488 1763 573; x_wconf 87' lang='lat' dir='ltr'>tempore</span> 
     </span>
     <span class='ocr_line' id='line_1_3' title="bbox 256 571 1765 673; baseline -0.015 -5"><span class='ocrx_word' id='word_1_12' title='bbox 256 585 318 644; x_wconf 69' lang='lat' dir='ltr'>An·</span> <span class='ocrx_word' id='word_1_13' title='bbox 335 571 422 647; x_wconf 75' lang='lat'><strong>¹⁶⁸9·</strong></span> <span class='ocrx_word' id='word_1_14' title='bbox 443 586 656 667; x_wconf 90' lang='lat' dir='ltr'>Geometria</span> <span class='ocrx_word' id='word_1_15' title='bbox 683 583 865 673; x_wconf 80' lang='lat' dir='ltr'>interior,</span> <span class='ocrx_word' id='word_1_16' title='bbox 890 577 1098 654; x_wconf 88' lang='lat' dir='ltr'>&amp;scientia</span> <span class='ocrx_word' id='word_1_17' title='bbox 1125 601 1291 652; x_wconf 87' lang='lat' dir='ltr'>motuum</span> <span class='ocrx_word' id='word_1_18' title='bbox 1318 600 1362 648; x_wconf 90' lang='lat' dir='ltr'>eo</span> <span class='ocrx_word' id='word_1_19' title='bbox 1387 597 1460 672; x_wconf 93' lang='lat' dir='ltr'>quo</span> <span class='ocrx_word' id='word_1_20' title='bbox 1486 597 1612 664; x_wconf 91' lang='lat' dir='ltr'>nunc,</span> <span class='ocrx_word' id='word_1_21' title='bbox 1647 571 1765 673; x_wconf 89' lang='lat' dir='ltr'>prose·</span> 
     </span>
     <span class='ocr_line' id='line_1_4' title="bbox 258 651 1764 787; baseline -0.013 -18"><span class='ocrx_word' id='word_1_22' title='bbox 258 651 418 720; x_wconf 31' lang='lat' dir='ltr'>M.febr.1-</span> <span class='ocrx_word' id='word_1_23' title='bbox 441 691 585 768; x_wconf 88' lang='lat' dir='ltr'>cilsent.</span> <span class='ocrx_word' id='word_1_24' title='bbox 612 683 771 787; x_wconf 85' lang='lat' dir='ltr'>Aperuit</span> <span class='ocrx_word' id='word_1_25' title='bbox 798 706 918 760; x_wconf 89' lang='lat' dir='ltr'>tamen</span> <span class='ocrx_word' id='word_1_26' title='bbox 946 677 1201 755; x_wconf 87' lang='lat' dir='ltr'>&amp;rationibus</span> <span class='ocrx_word' id='word_1_27' title='bbox 1225 671 1434 777; x_wconf 81' lang='lat' dir='ltr'>indagandis</span> <span class='ocrx_word' id='word_1_28' title='bbox 1461 669 1626 748; x_wconf 88' lang='lat' dir='ltr'>aditum.</span> <span class='ocrx_word' id='word_1_29' title='bbox 1661 674 1764 749; x_wconf 87' lang='lat' dir='ltr'>Nam</span> 
     </span>
     <span class='ocr_line' id='line_1_5' title="bbox 320 770 1764 895; baseline -0.016 -24"><span class='ocrx_word' id='word_1_30' title='bbox 320 776 330 796; x_wconf 65' lang='lat'><em>⁰</em></span> <span class='ocrx_word' id='word_1_31' title='bbox 389 770 399 796; x_wconf 69' lang='lat'><em>⁰</em></span> <span class='ocrx_word' id='word_1_32' title='bbox 439 790 505 895; x_wconf 85' lang='lat' dir='ltr'>ipsi</span> <span class='ocrx_word' id='word_1_33' title='bbox 531 788 688 893; x_wconf 87' lang='lat' dir='ltr'>primum</span> <span class='ocrx_word' id='word_1_34' title='bbox 715 782 889 863; x_wconf 89' lang='lat' dir='ltr'>indicium</span> <span class='ocrx_word' id='word_1_35' title='bbox 916 778 1063 855; x_wconf 89' lang='lat' dir='ltr'>debetur</span> <span class='ocrx_word' id='word_1_36' title='bbox 1090 803 1184 851; x_wconf 84' lang='lat' dir='ltr'>verae</span> <span class='ocrx_word' id='word_1_37' title='bbox 1210 773 1317 850; x_wconf 86' lang='lat' dir='ltr'>causae</span> <span class='ocrx_word' id='word_1_38' title='bbox 1343 772 1562 877; x_wconf 84' lang='lat' dir='ltr'>gravitatis,</span> <span class='ocrx_word' id='word_1_39' title='bbox 1596 774 1633 846; x_wconf 80' lang='lat' dir='ltr'>dt</span> <span class='ocrx_word' id='word_1_40' title='bbox 1660 770 1764 872; x_wconf 87' lang='lat' dir='ltr'>hujus</span> 
     </span>
     <span class='ocr_line' id='line_1_6' title="bbox 441 875 1764 990; baseline -0.018 -18"><span class='ocrx_word' id='word_1_41' title='bbox 441 917 578 972; x_wconf 79' lang='lat' dir='ltr'>natura</span> <span class='ocrx_word' id='word_1_42' title='bbox 602 884 718 990; x_wconf 88' lang='lat' dir='ltr'>legis,</span> <span class='ocrx_word' id='word_1_43' title='bbox 745 913 766 961; x_wconf 88' lang='lat' dir='ltr'>a</span> <span class='ocrx_word' id='word_1_44' title='bbox 790 909 861 986; x_wconf 92' lang='lat' dir='ltr'>qua</span> <span class='ocrx_word' id='word_1_45' title='bbox 887 878 1047 984; x_wconf 86' lang='lat' dir='ltr'>gravitas</span> <span class='ocrx_word' id='word_1_46' title='bbox 1073 876 1232 979; x_wconf 87' lang='lat' dir='ltr'><strong>pendet,</strong></span> <span class='ocrx_word' id='word_1_47' title='bbox 1258 875 1354 975; x_wconf 91' lang='lat' dir='ltr'>quod</span> <span class='ocrx_word' id='word_1_48' title='bbox 1379 900 1532 976; x_wconf 90' lang='lat' dir='ltr'>corpora</span> <span class='ocrx_word' id='word_1_49' title='bbox 1558 894 1678 948; x_wconf 87' lang='lat' dir='ltr'>rotata</span> <span class='ocrx_word' id='word_1_50' title='bbox 1705 899 1764 949; x_wconf 87' lang='lat' dir='ltr'>co-</span> 
     </span>
     <span class='ocr_line' id='line_1_7' title="bbox 441 972 1762 1149; baseline -0.016 -78"><span class='ocrx_word' id='word_1_51' title='bbox 441 1016 575 1072; x_wconf 89' lang='lat' dir='ltr'>nantur</span> <span class='ocrx_word' id='word_1_52' title='bbox 610 1010 784 1064; x_wconf 87' lang='lat' dir='ltr'>acentro</span> <span class='ocrx_word' id='word_1_53' title='bbox 812 982 977 1058; x_wconf 84' lang='lat' dir='ltr'>recedere</span> <span class='ocrx_word' id='word_1_54' title='bbox 1010 1002 1073 1082; x_wconf 89' lang='lat' dir='ltr'>per</span> <span class='ocrx_word' id='word_1_55' title='bbox 1096 999 1337 1080; x_wconf 78' lang='lat' dir='ltr'>tangentem,</span> <span class='ocrx_word' id='word_1_56' title='bbox 1371 975 1406 1049; x_wconf 75' lang='grc' dir='ltr'>δι</span> <span class='ocrx_word' id='word_1_57' title='bbox 1435 974 1518 1050; x_wconf 91' lang='lat' dir='ltr'>ideo</span> <span class='ocrx_word' id='word_1_58' title='bbox 1554 972 1645 1047; x_wconf 85' lang='lat' dir='ltr'>stin</span> <span class='ocrx_word' id='word_1_59' title='bbox 1672 1000 1762 1149; x_wconf 49' lang='lat' dir='ltr'>aaut</span> 
     </span>
     <span class='ocr_line' id='line_1_8' title="bbox 440 1072 1763 1178; baseline -0.015 -8"><span class='ocrx_word' id='word_1_60' title='bbox 440 1090 578 1172; x_wconf 82' lang='lat' dir='ltr'>fellucae</span> <span class='ocrx_word' id='word_1_61' title='bbox 603 1088 664 1163; x_wconf 86' lang='lat' dir='ltr'>vel</span> <span class='ocrx_word' id='word_1_62' title='bbox 705 1086 787 1161; x_wconf 81' lang='lat' dir='ltr'>altae</span> <span class='ocrx_word' id='word_1_63' title='bbox 813 1082 1002 1173; x_wconf 79' lang='lat' dir='ltr'>intrarent,</span> <span class='ocrx_word' id='word_1_64' title='bbox 1029 1102 1151 1155; x_wconf 88' lang='lat' dir='ltr'>rotato</span> <span class='ocrx_word' id='word_1_65' title='bbox 1178 1076 1282 1168; x_wconf 90' lang='lat' dir='ltr'>vase,</span> <span class='ocrx_word' id='word_1_66' title='bbox 1309 1100 1399 1178; x_wconf 91' lang='lat' dir='ltr'>aqua</span> <span class='ocrx_word' id='word_1_67' title='bbox 1418 1072 1684 1150; x_wconf 88' lang='lat' dir='ltr'>invorticema</span> <span class='ocrx_word' id='word_1_68' title='bbox 1724 1101 1763 1168; x_wconf 93' lang='lat' dir='ltr'>a,</span> 
     </span>
     <span class='ocr_line' id='line_1_9' title="bbox 441 1114 1763 1288; baseline -0.017 -18"><span class='ocrx_word' id='word_1_69' title='bbox 441 1190 582 1270; x_wconf 84' lang='lat' dir='ltr'>sellucis</span> <span class='ocrx_word' id='word_1_70' title='bbox 600 1114 768 1281; x_wconf 79' lang='lat' dir='ltr'>densior,</span> <span class='ocrx_word' id='word_1_71' title='bbox 794 1208 901 1288; x_wconf 87' lang='lat' dir='ltr'>atque</span> <span class='ocrx_word' id='word_1_72' title='bbox 928 1182 1010 1258; x_wconf 88' lang='lat' dir='ltr'>ideo</span> <span class='ocrx_word' id='word_1_73' title='bbox 1029 1179 1158 1256; x_wconf 84' lang='lat' dir='ltr'>fortius</span> <span class='ocrx_word' id='word_1_74' title='bbox 1185 1205 1293 1281; x_wconf 89' lang='lat' dir='ltr'>quam</span> <span class='ocrx_word' id='word_1_75' title='bbox 1309 1175 1410 1279; x_wconf 81' lang='lat' dir='ltr'>ipsa,</span> <span class='ocrx_word' id='word_1_76' title='bbox 1438 1176 1575 1251; x_wconf 83' lang='lat' dir='ltr'>excussa</span> <span class='ocrx_word' id='word_1_77' title='bbox 1593 1174 1763 1266; x_wconf 87' lang='lat' dir='ltr'>amedio,</span> 
     </span>
     <span class='ocr_line' id='line_1_10' title="bbox 441 1274 1867 1383; baseline -0.017 -12"><span class='ocrx_word' id='word_1_78' title='bbox 441 1293 588 1371; x_wconf 86' lang='lat' dir='ltr'>festucas</span> <span class='ocrx_word' id='word_1_79' title='bbox 615 1287 735 1379; x_wconf 78' lang='lat' dir='ltr'>versus</span> <span class='ocrx_word' id='word_1_80' title='bbox 761 1308 925 1362; x_wconf 85' lang='lat' dir='ltr'>centrum</span> <span class='ocrx_word' id='word_1_81' title='bbox 953 1279 1168 1383; x_wconf 68' lang='lat' dir='ltr'>compellit,</span> <span class='ocrx_word' id='word_1_82' title='bbox 1210 1276 1512 1381; x_wconf 80' lang='lat' dir='ltr'>quemadmodum</span> <span class='ocrx_word' id='word_1_83' title='bbox 1537 1274 1608 1378; x_wconf 91' lang='lat' dir='ltr'>ipse</span> <span class='ocrx_word' id='word_1_84' title='bbox 1635 1275 1764 1351; x_wconf 85' lang='lat' dir='ltr'>diserte</span> <span class='ocrx_word' id='word_1_85' title='bbox 1866 1296 1867 1315; x_wconf 63' lang='lat'>¹</span> 
     </span>
     <span class='ocr_line' id='line_1_11' title="bbox 442 1374 1763 1490; baseline -0.015 -19"><span class='ocrx_word' id='word_1_86' title='bbox 442 1393 580 1473; x_wconf 90' lang='lat' dir='ltr'>duobus</span> <span class='ocrx_word' id='word_1_87' title='bbox 613 1392 650 1466; x_wconf 76' lang='lat' dir='ltr'>dt</span> <span class='ocrx_word' id='word_1_88' title='bbox 678 1387 830 1490; x_wconf 88' lang='lat' dir='ltr'>amplius</span> <span class='ocrx_word' id='word_1_89' title='bbox 862 1384 987 1476; x_wconf 89' lang='lat' dir='ltr'>locis,</span> <span class='ocrx_word' id='word_1_90' title='bbox 1022 1382 1067 1459; x_wconf 54' lang='lat' dir='ltr'>in¹</span> <span class='ocrx_word' id='word_1_91' title='bbox 1088 1380 1261 1483; x_wconf 89' lang='lat' dir='ltr'>Epitome</span> <span class='ocrx_word' id='word_1_92' title='bbox 1288 1376 1529 1463; x_wconf 79' lang='lat' dir='ltr'>Astronomiae</span> <span class='ocrx_word' id='word_1_93' title='bbox 1564 1374 1728 1478; x_wconf 77' lang='lat' dir='ltr'>exposuit</span> <span class='ocrx_word' id='word_1_94' title='bbox 1752 1402 1763 1464; x_wconf 82' lang='lat'>3</span> 
     </span>
     <span class='ocr_line' id='line_1_12' title="bbox 442 1477 1787 1599; baseline -0.016 -28"><span class='ocrx_word' id='word_1_95' title='bbox 442 1520 539 1599; x_wconf 88' lang='lat' dir='ltr'>quan</span> <span class='ocrx_word' id='word_1_96' title='bbox 567 1517 650 1570; x_wconf 90' lang='lat' dir='ltr'>uam</span> <span class='ocrx_word' id='word_1_97' title='bbox 677 1488 791 1567; x_wconf 90' lang='lat' dir='ltr'>adhuc</span> <span class='ocrx_word' id='word_1_98' title='bbox 818 1481 1171 1574; x_wconf 88' lang='lat' dir='ltr'>subdubitabundus,</span> <span class='ocrx_word' id='word_1_99' title='bbox 1198 1481 1234 1554; x_wconf 77' lang='grc' dir='ltr'>δι</span> <span class='ocrx_word' id='word_1_100' title='bbox 1261 1477 1337 1558; x_wconf 89' lang='lat' dir='ltr'>suas</span> <span class='ocrx_word' id='word_1_101' title='bbox 1363 1479 1435 1583; x_wconf 90' lang='lat' dir='ltr'>ipse</span> <span class='ocrx_word' id='word_1_102' title='bbox 1461 1504 1546 1581; x_wconf 89' lang='lat' dir='ltr'>opes</span> <span class='ocrx_word' id='word_1_103' title='bbox 1572 1478 1787 1578; x_wconf 83' lang='lat' dir='ltr'>ignorans,·</span> 
     </span>
     <span class='ocr_line' id='line_1_13' title="bbox 443 1520 1764 1689; baseline -0.016 -16"><span class='ocrx_word' id='word_1_104' title='bbox 443 1622 512 1673; x_wconf 88' lang='lat' dir='ltr'>nec</span> <span class='ocrx_word' id='word_1_105' title='bbox 537 1520 622 1670; x_wconf 78' lang='lat' dir='ltr'>satis</span> <span class='ocrx_word' id='word_1_106' title='bbox 647 1588 806 1666; x_wconf 87' lang='lat' dir='ltr'>conscius</span> <span class='ocrx_word' id='word_1_107' title='bbox 840 1608 974 1689; x_wconf 87' lang='lat' dir='ltr'>quanta</span> <span class='ocrx_word' id='word_1_108' title='bbox 1001 1582 1084 1659; x_wconf 90' lang='lat' dir='ltr'>inde</span> <span class='ocrx_word' id='word_1_109' title='bbox 1110 1580 1372 1685; x_wconf 78' lang='lat' dir='ltr'>sequerentur,</span> <span class='ocrx_word' id='word_1_110' title='bbox 1407 1604 1486 1654; x_wconf 89' lang='lat' dir='ltr'>tum</span> <span class='ocrx_word' id='word_1_111' title='bbox 1513 1578 1552 1653; x_wconf 89' lang='lat' dir='ltr'>in</span> <span class='ocrx_word' id='word_1_112' title='bbox 1580 1576 1724 1679; x_wconf 83' lang='lat' dir='ltr'>Phyfica</span> <span class='ocrx_word' id='word_1_113' title='bbox 1752 1631 1764 1671; x_wconf 91' lang='lat'>,</span> 
     </span>
     <span class='ocr_line' id='line_1_14' title="bbox 445 1666 1765 1783; baseline -0.013 -13"><span class='ocrx_word' id='word_1_114' title='bbox 445 1720 526 1770; x_wconf 88' lang='lat' dir='ltr'>tum</span> <span class='ocrx_word' id='word_1_115' title='bbox 551 1692 573 1771; x_wconf 84' lang='lat' dir='ltr'>s</span> <span class='ocrx_word' id='word_1_116' title='bbox 592 1690 735 1768; x_wconf 87' lang='lat' dir='ltr'>eciatim</span> <span class='ocrx_word' id='word_1_117' title='bbox 764 1689 802 1762; x_wconf 91' lang='lat' dir='ltr'>in</span> <span class='ocrx_word' id='word_1_118' title='bbox 819 1685 1083 1762; x_wconf 84' lang='lat' dir='ltr'>Astronomia.</span> <span class='ocrx_word' id='word_1_119' title='bbox 1118 1682 1187 1758; x_wconf 88' lang='lat' dir='ltr'>Sed</span> <span class='ocrx_word' id='word_1_120' title='bbox 1212 1681 1266 1757; x_wconf 87' lang='lat' dir='ltr'>his</span> <span class='ocrx_word' id='word_1_121' title='bbox 1292 1680 1418 1757; x_wconf 92' lang='lat' dir='ltr'>deinde</span> <span class='ocrx_word' id='word_1_122' title='bbox 1445 1677 1587 1783; x_wconf 85' lang='lat' dir='ltr'>egregie</span> <span class='ocrx_word' id='word_1_123' title='bbox 1612 1666 1691 1754; x_wconf 89' lang='lat' dir='ltr'>usus</span> <span class='ocrx_word' id='word_1_124' title='bbox 1718 1676 1765 1754; x_wconf 88' lang='lat' dir='ltr'>est</span> 
     </span>
     <span class='ocr_line' id='line_1_15' title="bbox 407 1722 1766 1886; baseline -0.01 -16"><span class='ocrx_word' id='word_1_125' title='bbox 407 1796 412 1805; x_wconf 82' lang='grc'>’</span> <span class='ocrx_word' id='word_1_126' title='bbox 444 1722 656 1886; x_wconf 79' lang='lat' dir='ltr'>Cartesius,</span> <span class='ocrx_word' id='word_1_127' title='bbox 681 1789 744 1866; x_wconf 89' lang='lat' dir='ltr'>etsi</span> <span class='ocrx_word' id='word_1_128' title='bbox 770 1814 872 1863; x_wconf 88' lang='lat' dir='ltr'>more</span> <span class='ocrx_word' id='word_1_129' title='bbox 896 1786 961 1862; x_wconf 89' lang='lat' dir='ltr'>suo</span> <span class='ocrx_word' id='word_1_130' title='bbox 988 1785 1172 1862; x_wconf 71' lang='lat' dir='ltr'>aussorem</span> <span class='ocrx_word' id='word_1_131' title='bbox 1199 1781 1450 1859; x_wconf 82' lang='lat' dir='ltr'>dissimularit.</span> <span class='ocrx_word' id='word_1_132' title='bbox 1478 1781 1766 1857; x_wconf 87' lang='lat' dir='ltr'>Miratusautem</span> 
     </span>
     <span class='ocr_line' id='line_1_16' title="bbox 444 1880 1767 1996; baseline -0.01 -26"><span class='ocrx_word' id='word_1_133' title='bbox 444 1896 534 1996; x_wconf 77' lang='lat' dir='ltr'>sape</span> <span class='ocrx_word' id='word_1_134' title='bbox 557 1891 665 1989; x_wconf 89' lang='lat' dir='ltr'>sum,</span> <span class='ocrx_word' id='word_1_135' title='bbox 690 1889 788 1994; x_wconf 89' lang='lat' dir='ltr'>quod</span> <span class='ocrx_word' id='word_1_136' title='bbox 806 1888 985 1963; x_wconf 88' lang='lat' dir='ltr'>Cartefius</span> <span class='ocrx_word' id='word_1_137' title='bbox 1011 1888 1131 1989; x_wconf 89' lang='lat' dir='ltr'>legum</span> <span class='ocrx_word' id='word_1_138' title='bbox 1158 1881 1352 1960; x_wconf 81' lang='lat' dir='ltr'>toeltsiium</span> <span class='ocrx_word' id='word_1_139' title='bbox 1377 1909 1398 1956; x_wconf 88' lang='lat' dir='ltr'>a</span> <span class='ocrx_word' id='word_1_140' title='bbox 1423 1880 1577 1982; x_wconf 88' lang='lat' dir='ltr'>chlero</span> <span class='ocrx_word' id='word_1_141' title='bbox 1601 1881 1767 1958; x_wconf 69' lang='lat' dir='ltr'>inventa</span> 
     </span>
     <span class='ocr_line' id='line_1_17' title="bbox 444 1982 1766 2090; baseline -0.011 -19"><span class='ocrx_word' id='word_1_142' title='bbox 444 2021 531 2071; x_wconf 88' lang='lat' dir='ltr'>rum</span> <span class='ocrx_word' id='word_1_143' title='bbox 558 1992 717 2069; x_wconf 81' lang='lat' dir='ltr'>rationes</span> <span class='ocrx_word' id='word_1_144' title='bbox 742 1989 889 2065; x_wconf 88' lang='lat' dir='ltr'>reddere</span> <span class='ocrx_word' id='word_1_145' title='bbox 915 2016 960 2065; x_wconf 92' lang='lat' dir='ltr'>ne</span> <span class='ocrx_word' id='word_1_146' title='bbox 987 1984 1162 2090; x_wconf 85' lang='lat' dir='ltr'>aggressus</span> <span class='ocrx_word' id='word_1_147' title='bbox 1189 1983 1236 2059; x_wconf 88' lang='lat' dir='ltr'>est</span> <span class='ocrx_word' id='word_1_148' title='bbox 1263 1982 1446 2087; x_wconf 89' lang='lat' dir='ltr'>quidem,</span> <span class='ocrx_word' id='word_1_149' title='bbox 1481 2003 1656 2084; x_wconf 91' lang='lat' dir='ltr'>quantum</span> <span class='ocrx_word' id='word_1_150' title='bbox 1683 2007 1766 2058; x_wconf 90' lang='lat' dir='ltr'>con·</span> 
     </span>
     <span class='ocr_line' id='line_1_18' title="bbox 443 2081 1765 2193; baseline -0.01 -23"><span class='ocrx_word' id='word_1_151' title='bbox 443 2094 533 2181; x_wconf 69' lang='lat' dir='ltr'>slat,</span> <span class='ocrx_word' id='word_1_152' title='bbox 562 2094 633 2167; x_wconf 85' lang='lat' dir='ltr'>five</span> <span class='ocrx_word' id='word_1_153' title='bbox 658 2091 756 2193; x_wconf 92' lang='lat' dir='ltr'>quod</span> <span class='ocrx_word' id='word_1_154' title='bbox 772 2087 944 2165; x_wconf 81' lang='lat' dir='ltr'>nonsatis</span> <span class='ocrx_word' id='word_1_155' title='bbox 971 2086 1163 2161; x_wconf 87' lang='lat' dir='ltr'>conciliare</span> <span class='ocrx_word' id='word_1_156' title='bbox 1190 2085 1303 2186; x_wconf 84' lang='lat' dir='ltr'>posset</span> <span class='ocrx_word' id='word_1_157' title='bbox 1330 2109 1412 2159; x_wconf 85' lang='lat' dir='ltr'>cum</span> <span class='ocrx_word' id='word_1_158' title='bbox 1428 2081 1498 2161; x_wconf 88' lang='lat' dir='ltr'>suis</span> <span class='ocrx_word' id='word_1_159' title='bbox 1511 2082 1670 2183; x_wconf 89' lang='lat' dir='ltr'>placitis,</span> <span class='ocrx_word' id='word_1_160' title='bbox 1698 2082 1765 2159; x_wconf 86' lang='lat' dir='ltr'>live</span> 
     </span>
     <span class='ocr_line' id='line_1_19' title="bbox 444 2179 1765 2295; baseline -0.008 -25"><span class='ocrx_word' id='word_1_161' title='bbox 444 2193 545 2295; x_wconf 88' lang='lat' dir='ltr'>quod</span> <span class='ocrx_word' id='word_1_162' title='bbox 570 2189 781 2266; x_wconf 79' lang='lat' dir='ltr'>felicitatem</span> <span class='ocrx_word' id='word_1_163' title='bbox 804 2188 948 2267; x_wconf 91' lang='lat' dir='ltr'>inventi</span> <span class='ocrx_word' id='word_1_164' title='bbox 973 2188 1187 2290; x_wconf 82' lang='lat' dir='ltr'>ignoraret,</span> <span class='ocrx_word' id='word_1_165' title='bbox 1212 2210 1278 2260; x_wconf 89' lang='lat' dir='ltr'>nec</span> <span class='ocrx_word' id='word_1_166' title='bbox 1303 2206 1446 2289; x_wconf 89' lang='lat' dir='ltr'>putaret</span> <span class='ocrx_word' id='word_1_167' title='bbox 1471 2206 1548 2263; x_wconf 83' lang='lat' dir='ltr'>tam</span> <span class='ocrx_word' id='word_1_168' title='bbox 1570 2179 1720 2261; x_wconf 86' lang='lat' dir='ltr'>studiose</span> <span class='ocrx_word' id='word_1_169' title='bbox 1745 2210 1765 2260; x_wconf 86' lang='lat' dir='ltr'>a</span> 
     </span>
     <span class='ocr_line' id='line_1_20' title="bbox 446 2288 807 2368; baseline -0.017 0"><span class='ocrx_word' id='word_1_170' title='bbox 446 2317 580 2368; x_wconf 89' lang='lat' dir='ltr'>natura</span> <span class='ocrx_word' id='word_1_171' title='bbox 605 2288 807 2366; x_wconf 87' lang='lat' dir='ltr'>observari.</span> 
     </span>
     <span class='ocr_line' id='line_1_21' title="bbox 498 2386 1763 2492; baseline -0.006 -23"><span class='ocrx_word' id='word_1_172' title='bbox 498 2396 616 2469; x_wconf 91' lang='lat' dir='ltr'>Porro</span> <span class='ocrx_word' id='word_1_173' title='bbox 641 2416 724 2466; x_wconf 90' lang='lat' dir='ltr'>cum</span> <span class='ocrx_word' id='word_1_174' title='bbox 749 2388 899 2466; x_wconf 86' lang='lat' dir='ltr'>minime</span> <span class='ocrx_word' id='word_1_175' title='bbox 917 2388 1099 2492; x_wconf 76' lang='lat' dir='ltr'>physicum</span> <span class='ocrx_word' id='word_1_176' title='bbox 1125 2390 1320 2485; x_wconf 84' lang='lat' dir='ltr'>videatur,</span> <span class='ocrx_word' id='word_1_177' title='bbox 1354 2390 1430 2467; x_wconf 91' lang='lat' dir='ltr'>imo</span> <span class='ocrx_word' id='word_1_178' title='bbox 1456 2414 1522 2467; x_wconf 90' lang='lat' dir='ltr'>net</span> <span class='ocrx_word' id='word_1_179' title='bbox 1548 2386 1763 2466; x_wconf 84' lang='lat' dir='ltr'>admirandis</span> 
     </span>
     <span class='ocr_line' id='line_1_22' title="bbox 446 2487 1768 2593; baseline -0.007 -24"><span class='ocrx_word' id='word_1_180' title='bbox 446 2491 526 2569; x_wconf 87' lang='lat' dir='ltr'>Dei</span> <span class='ocrx_word' id='word_1_181' title='bbox 545 2490 843 2566; x_wconf 84' lang='lat' dir='ltr'>machinamentis</span> <span class='ocrx_word' id='word_1_182' title='bbox 860 2491 1032 2593; x_wconf 88' lang='lat' dir='ltr'>dignum,</span> <span class='ocrx_word' id='word_1_183' title='bbox 1058 2494 1307 2590; x_wconf 76' lang='lat' dir='ltr'>Intelligentias</span> <span class='ocrx_word' id='word_1_184' title='bbox 1332 2492 1524 2592; x_wconf 85' lang='lat' dir='ltr'>peculiares</span> <span class='ocrx_word' id='word_1_185' title='bbox 1550 2489 1690 2566; x_wconf 89' lang='lat' dir='ltr'>itineris</span> <span class='ocrx_word' id='word_1_186' title='bbox 1716 2487 1768 2563; x_wconf 90' lang='lat' dir='ltr'>di·</span> 
     </span>
     <span class='ocr_line' id='line_1_23' title="bbox 445 2587 1768 2705; baseline -0.005 -36"><span class='ocrx_word' id='word_1_187' title='bbox 445 2591 618 2671; x_wconf 75' lang='lat' dir='ltr'>resitices</span> <span class='ocrx_word' id='word_1_188' title='bbox 645 2590 817 2705; x_wconf 87' lang='lat' dir='ltr'>assignate</span> <span class='ocrx_word' id='word_1_189' title='bbox 844 2590 1031 2684; x_wconf 82' lang='lat' dir='ltr'>sideribus,</span> <span class='ocrx_word' id='word_1_190' title='bbox 1056 2592 1152 2694; x_wconf 87' lang='lat' dir='ltr'>quafi</span> <span class='ocrx_word' id='word_1_191' title='bbox 1170 2597 1255 2667; x_wconf 93' lang='lat' dir='ltr'>Deo</span> <span class='ocrx_word' id='word_1_192' title='bbox 1281 2591 1434 2667; x_wconf 79' lang='lat' dir='ltr'>deessent</span> <span class='ocrx_word' id='word_1_193' title='bbox 1460 2592 1615 2665; x_wconf 88' lang='lat' dir='ltr'>rationes</span> <span class='ocrx_word' id='word_1_194' title='bbox 1641 2587 1768 2663; x_wconf 87' lang='lat' dir='ltr'>eadem</span> 
     </span>
     <span class='ocr_line' id='line_1_24' title="bbox 444 2685 1770 2793; baseline -0.006 -24"><span class='ocrx_word' id='word_1_195' title='bbox 444 2718 513 2769; x_wconf 87' lang='lat' dir='ltr'>cor</span> <span class='ocrx_word' id='word_1_196' title='bbox 539 2690 633 2768; x_wconf 88' lang='lat' dir='ltr'>oreis</span> <span class='ocrx_word' id='word_1_197' title='bbox 659 2691 794 2793; x_wconf 77' lang='lat' dir='ltr'>legibus</span> <span class='ocrx_word' id='word_1_198' title='bbox 819 2689 1054 2792; x_wconf 88' lang='lat' dir='ltr'>perficiendi;</span> <span class='ocrx_word' id='word_1_199' title='bbox 1090 2694 1125 2766; x_wconf 88' lang='lat'>&amp;</span> <span class='ocrx_word' id='word_1_200' title='bbox 1152 2718 1241 2767; x_wconf 86' lang='lat' dir='ltr'>vero</span> <span class='ocrx_word' id='word_1_201' title='bbox 1275 2692 1368 2766; x_wconf 84' lang='lat' dir='ltr'>orbes</span> <span class='ocrx_word' id='word_1_202' title='bbox 1393 2689 1496 2788; x_wconf 81' lang='lat' dir='ltr'>solidi</span> <span class='ocrx_word' id='word_1_203' title='bbox 1527 2685 1660 2762; x_wconf 91' lang='lat' dir='ltr'>dudum</span> <span class='ocrx_word' id='word_1_204' title='bbox 1697 2685 1770 2761; x_wconf 85' lang='lat' dir='ltr'>fint</span> 
     </span>
     <span class='ocr_line' id='line_1_25' title="bbox 444 2719 1769 2902; baseline -0.004 -35"><span class='ocrx_word' id='word_1_205' title='bbox 444 2719 608 2896; x_wconf 82' lang='lat' dir='ltr'>explosi,</span> <span class='ocrx_word' id='word_1_206' title='bbox 628 2794 829 2890; x_wconf 80' lang='lat' dir='ltr'>sympathiae</span> <span class='ocrx_word' id='word_1_207' title='bbox 855 2814 974 2868; x_wconf 89' lang='lat' dir='ltr'>autem</span> <span class='ocrx_word' id='word_1_208' title='bbox 1002 2795 1038 2867; x_wconf 76' lang='lat'>8&lt;</span> <span class='ocrx_word' id='word_1_209' title='bbox 1064 2789 1318 2893; x_wconf 84' lang='lat' dir='ltr'>magnetismi,</span> <span class='ocrx_word' id='word_1_210' title='bbox 1343 2791 1482 2892; x_wconf 80' lang='lat' dir='ltr'>aliaque</span> <span class='ocrx_word' id='word_1_211' title='bbox 1508 2786 1547 2885; x_wconf 92' lang='lat' dir='ltr'>id</span> <span class='ocrx_word' id='word_1_212' title='bbox 1572 2812 1684 2902; x_wconf 87' lang='lat' dir='ltr'>genus</span> <span class='ocrx_word' id='word_1_213' title='bbox 1709 2787 1769 2862; x_wconf 88' lang='lat' dir='ltr'>ab·</span> 
     </span>
     <span class='ocr_line' id='line_1_26' title="bbox 445 2890 1851 2995; baseline -0.008 -26"><span class='ocrx_word' id='word_1_214' title='bbox 445 2892 564 2970; x_wconf 72' lang='lat' dir='ltr'>sirusae</span> <span class='ocrx_word' id='word_1_215' title='bbox 591 2891 801 2994; x_wconf 84' lang='lat' dir='ltr'>qualitates,</span> <span class='ocrx_word' id='word_1_216' title='bbox 829 2918 890 2968; x_wconf 93' lang='lat' dir='ltr'>aut</span> <span class='ocrx_word' id='word_1_217' title='bbox 908 2921 981 2969; x_wconf 90' lang='lat' dir='ltr'>non</span> <span class='ocrx_word' id='word_1_218' title='bbox 999 2893 1277 2995; x_wconf 86' lang='lat' dir='ltr'>intelligantur,</span> <span class='ocrx_word' id='word_1_219' title='bbox 1302 2916 1363 2968; x_wconf 89' lang='lat' dir='ltr'>aut</span> <span class='ocrx_word' id='word_1_220' title='bbox 1390 2892 1450 2967; x_wconf 91' lang='lat' dir='ltr'>ubi</span> <span class='ocrx_word' id='word_1_221' title='bbox 1476 2890 1730 2990; x_wconf 79' lang='lat' dir='ltr'>intelliguntur</span> <span class='ocrx_word' id='word_1_222' title='bbox 1756 2941 1768 2978; x_wconf 92' lang='lat'>,</span> <span class='ocrx_word' id='word_1_223' title='bbox 1849 2918 1851 2921; x_wconf 95' lang='lat'>·</span> 
     </span>
     <span class='ocr_line' id='line_1_27' title="bbox 445 2985 1769 3097; baseline -0.009 -26"><span class='ocrx_word' id='word_1_224' title='bbox 445 3018 702 3096; x_wconf 84' lang='lat' dir='ltr'>corporearum</span> <span class='ocrx_word' id='word_1_225' title='bbox 733 2993 1004 3097; x_wconf 74' lang='lat' dir='ltr'>impressionum</span> <span class='ocrx_word' id='word_1_226' title='bbox 1033 2993 1179 3072; x_wconf 73' lang='lat' dir='ltr'>effessus</span> <span class='ocrx_word' id='word_1_227' title='bbox 1196 2994 1407 3096; x_wconf 76' lang='lat' dir='ltr'>apparitura</span> <span class='ocrx_word' id='word_1_228' title='bbox 1424 2990 1648 3094; x_wconf 79' lang='lat' dir='ltr'>judicentur3</span> <span class='ocrx_word' id='word_1_229' title='bbox 1677 2985 1769 3063; x_wconf 88' lang='lat' dir='ltr'>nihil</span> 
     </span>
     <span class='ocr_line' id='line_1_28' title="bbox 443 3092 1766 3196; baseline -0.008 -26"><span class='ocrx_word' id='word_1_230' title='bbox 443 3095 541 3171; x_wconf 88' lang='lat' dir='ltr'>aliud</span> <span class='ocrx_word' id='word_1_231' title='bbox 567 3118 636 3196; x_wconf 82' lang='lat' dir='ltr'>ego</span> <span class='ocrx_word' id='word_1_232' title='bbox 652 3095 797 3194; x_wconf 89' lang='lat' dir='ltr'>quidem</span> <span class='ocrx_word' id='word_1_233' title='bbox 823 3096 995 3193; x_wconf 86' lang='lat' dir='ltr'>superesse</span> <span class='ocrx_word' id='word_1_234' title='bbox 1011 3093 1152 3189; x_wconf 83' lang='lat' dir='ltr'>judico,</span> <span class='ocrx_word' id='word_1_235' title='bbox 1203 3120 1285 3170; x_wconf 87' lang='lat' dir='ltr'>uam</span> <span class='ocrx_word' id='word_1_236' title='bbox 1313 3118 1352 3169; x_wconf 93' lang='lat' dir='ltr'>ut</span> <span class='ocrx_word' id='word_1_237' title='bbox 1380 3092 1480 3169; x_wconf 87' lang='lat' dir='ltr'>causa</span> <span class='ocrx_word' id='word_1_238' title='bbox 1505 3115 1672 3167; x_wconf 87' lang='lat' dir='ltr'>motuum</span> <span class='ocrx_word' id='word_1_239' title='bbox 1699 3113 1766 3161; x_wconf 87' lang='lat' dir='ltr'>coe·</span> 
     </span>
     <span class='ocr_line' id='line_1_29' title="bbox 442 3122 1769 3296; baseline -0.005 -29"><span class='ocrx_word' id='word_1_240' title='bbox 442 3194 585 3267; x_wconf 87' lang='lat' dir='ltr'>lestium</span> <span class='ocrx_word' id='word_1_241' title='bbox 613 3193 808 3265; x_wconf 87' lang='lat' dir='ltr'>amoribus</span> <span class='ocrx_word' id='word_1_242' title='bbox 826 3192 986 3284; x_wconf 84' lang='lat' dir='ltr'>aerheris,</span> <span class='ocrx_word' id='word_1_243' title='bbox 1013 3191 1084 3267; x_wconf 87' lang='lat' dir='ltr'>five</span> <span class='ocrx_word' id='word_1_244' title='bbox 1110 3216 1150 3268; x_wconf 90' lang='lat' dir='ltr'>ut</span> <span class='ocrx_word' id='word_1_245' title='bbox 1168 3122 1403 3272; x_wconf 74' lang='lat' dir='ltr'>ailhronomite</span> <span class='ocrx_word' id='word_1_246' title='bbox 1428 3194 1585 3296; x_wconf 88' lang='lat' dir='ltr'>loquar,</span> <span class='ocrx_word' id='word_1_247' title='bbox 1613 3192 1657 3266; x_wconf 89' lang='lat' dir='ltr'>ab</span> <span class='ocrx_word' id='word_1_248' title='bbox 1683 3189 1769 3263; x_wconf 87' lang='lat' dir='ltr'>orbi·</span> 
     </span>
     <span class='ocr_line' id='line_1_30' title="bbox 442 3287 1769 3391; baseline -0.002 -25"><span class='ocrx_word' id='word_1_249' title='bbox 442 3295 508 3367; x_wconf 80' lang='lat' dir='ltr'>bus</span> <span class='ocrx_word' id='word_1_250' title='bbox 534 3291 761 3383; x_wconf 64' lang='lat' dir='ltr'>delirantibus</span> <span class='ocrx_word' id='word_1_251' title='bbox 786 3288 960 3391; x_wconf 87' lang='lat' dir='ltr'>quidem,</span> <span class='ocrx_word' id='word_1_252' title='bbox 994 3291 1053 3368; x_wconf 89' lang='lat' dir='ltr'>sed</span> <span class='ocrx_word' id='word_1_253' title='bbox 1072 3295 1224 3391; x_wconf 79' lang='lat' dir='ltr'>fluidis,</span> <span class='ocrx_word' id='word_1_254' title='bbox 1251 3296 1443 3374; x_wconf 87' lang='lat' dir='ltr'>oriantur.</span> <span class='ocrx_word' id='word_1_255' title='bbox 1478 3299 1566 3371; x_wconf 74' lang='lat' dir='ltr'>Haec</span> <span class='ocrx_word' id='word_1_256' title='bbox 1592 3287 1769 3368; x_wconf 87' lang='lat' dir='ltr'>sententia</span> 
     </span>
     <span class='ocr_line' id='line_1_31' title="bbox 444 3387 1768 3499; baseline -0.001 -34"><span class='ocrx_word' id='word_1_257' title='bbox 444 3388 677 3466; x_wconf 76' lang='lat' dir='ltr'>vetustissima</span> <span class='ocrx_word' id='word_1_258' title='bbox 702 3387 771 3483; x_wconf 91' lang='lat' dir='ltr'>est,</span> <span class='ocrx_word' id='word_1_259' title='bbox 797 3387 859 3464; x_wconf 89' lang='lat' dir='ltr'>etsi</span> <span class='ocrx_word' id='word_1_260' title='bbox 873 3390 1053 3493; x_wconf 72' lang='lat' dir='ltr'>neglessa:</span> <span class='ocrx_word' id='word_1_261' title='bbox 1076 3422 1159 3471; x_wconf 90' lang='lat' dir='ltr'>nam</span> <span class='ocrx_word' id='word_1_262' title='bbox 1178 3398 1376 3499; x_wconf 87' lang='lat' dir='ltr'>Leucippus</span> <span class='ocrx_word' id='word_1_263' title='bbox 1393 3395 1553 3499; x_wconf 89' lang='lat' dir='ltr'>Epicuro</span> <span class='ocrx_word' id='word_1_264' title='bbox 1572 3396 1671 3497; x_wconf 91' lang='lat' dir='ltr'>prior</span> <span class='ocrx_word' id='word_1_265' title='bbox 1689 3416 1768 3467; x_wconf 90' lang='lat' dir='ltr'>eam</span> 
     </span>
     <span class='ocr_line' id='line_1_32' title="bbox 444 3489 1769 3599; baseline -0.002 -31"><span class='ocrx_word' id='word_1_266' title='bbox 444 3491 536 3568; x_wconf 85' lang='lat' dir='ltr'>adeo</span> <span class='ocrx_word' id='word_1_267' title='bbox 562 3489 751 3591; x_wconf 79' lang='lat' dir='ltr'>expressit,</span> <span class='ocrx_word' id='word_1_268' title='bbox 779 3514 818 3566; x_wconf 93' lang='lat' dir='ltr'>ut</span> <span class='ocrx_word' id='word_1_269' title='bbox 838 3489 876 3565; x_wconf 89' lang='lat' dir='ltr'>in</span> <span class='ocrx_word' id='word_1_270' title='bbox 903 3491 1087 3588; x_wconf 89' lang='lat' dir='ltr'>systemate</span> <span class='ocrx_word' id='word_1_271' title='bbox 1104 3493 1295 3571; x_wconf 85' lang='lat' dir='ltr'>formando</span> <span class='ocrx_word' id='word_1_272' title='bbox 1321 3498 1435 3599; x_wconf 88' lang='lat' dir='ltr'>ipsum</span> <span class='ocrx_word' id='word_1_273' title='bbox 1464 3495 1666 3573; x_wconf 88' lang='lat' dir='ltr'>adhibuerit</span> <span class='ocrx_word' id='word_1_274' title='bbox 1683 3495 1769 3562; x_wconf 71' lang='lat' dir='ltr'>st&#39;m</span> 
     </span>
     <span class='ocr_line' id='line_1_33' title="bbox 443 3591 1768 3707; baseline 0.004 -43"><span class='ocrx_word' id='word_1_275' title='bbox 443 3591 630 3707; x_wconf 57' lang='lat' dir='ltr'>(verutis)</span> <span class='ocrx_word' id='word_1_276' title='bbox 655 3618 809 3685; x_wconf 89' lang='lat' dir='ltr'>nomen,</span> <span class='ocrx_word' id='word_1_277' title='bbox 835 3594 870 3665; x_wconf 79' lang='lat' dir='ltr'>dt</span> <span class='ocrx_word' id='word_1_278' title='bbox 899 3593 1121 3689; x_wconf 88' lang='lat' dir='ltr'>audivimus,</span> <span class='ocrx_word' id='word_1_279' title='bbox 1146 3598 1331 3700; x_wconf 88' lang='lat' dir='ltr'>quomodo</span> <span class='ocrx_word' id='word_1_280' title='bbox 1348 3599 1517 3700; x_wconf 88' lang='lat' dir='ltr'>Keplerus</span> <span class='ocrx_word' id='word_1_281' title='bbox 1545 3619 1647 3672; x_wconf 91' lang='lat' dir='ltr'>motu</span> <span class='ocrx_word' id='word_1_282' title='bbox 1672 3621 1768 3697; x_wconf 82' lang='lat' dir='ltr'>aquae</span> 
     </span>
     <span class='ocr_line' id='line_1_34' title="bbox 444 3692 1768 3793; baseline 0 -27"><span class='ocrx_word' id='word_1_283' title='bbox 444 3717 484 3768; x_wconf 82' lang='lat' dir='ltr'>tn</span> <span class='ocrx_word' id='word_1_284' title='bbox 509 3700 688 3767; x_wconf 78' lang='lat' dir='ltr'>vorticem</span> <span class='ocrx_word' id='word_1_285' title='bbox 722 3692 808 3767; x_wconf 70' lang='lat' dir='ltr'>assa</span> <span class='ocrx_word' id='word_1_286' title='bbox 834 3693 1052 3793; x_wconf 83' lang='lat' dir='ltr'>gravitatem</span> <span class='ocrx_word' id='word_1_287' title='bbox 1087 3698 1388 3777; x_wconf 87' lang='lat' dir='ltr'>adumbraverit.</span> <span class='ocrx_word' id='word_1_288' title='bbox 1423 3703 1474 3774; x_wconf 88' lang='lat' dir='ltr'>Et</span> <span class='ocrx_word' id='word_1_289' title='bbox 1509 3727 1553 3774; x_wconf 86' lang='lat' dir='ltr'>ex</span> <span class='ocrx_word' id='word_1_290' title='bbox 1578 3694 1768 3774; x_wconf 88' lang='lat' dir='ltr'>itinerario</span> 
     </span>
     <span class='ocr_line' id='line_1_35' title="bbox 445 3789 1769 3906; baseline 0.001 -40"><span class='ocrx_word' id='word_1_291' title='bbox 445 3789 668 3905; x_wconf 80' lang='lat' dir='ltr'>Monconilii</span> <span class='ocrx_word' id='word_1_292' title='bbox 694 3790 881 3906; x_wconf 74' lang='lat' dir='ltr'>discimus,</span> <span class='ocrx_word' id='word_1_293' title='bbox 906 3793 977 3893; x_wconf 87' lang='lat' dir='ltr'>jam</span> <span class='ocrx_word' id='word_1_294' title='bbox 1007 3819 1085 3872; x_wconf 90' lang='lat' dir='ltr'>tum</span> <span class='ocrx_word' id='word_1_295' title='bbox 1103 3800 1315 3875; x_wconf 87' lang='lat' dir='ltr'>Torricellii</span> <span class='ocrx_word' id='word_1_296' title='bbox 1339 3798 1440 3875; x_wconf 86' lang='lat' dir='ltr'>fnisse</span> <span class='ocrx_word' id='word_1_297' title='bbox 1467 3798 1682 3875; x_wconf 88' lang='lat' dir='ltr'>sententiam</span> <span class='ocrx_word' id='word_1_298' title='bbox 1709 3795 1769 3885; x_wconf 75' lang='lat' dir='ltr'>(dt</span> 
     </span>
     <span class='ocr_line' id='line_1_36' title="bbox 446 3889 1773 4001; baseline 0.002 -35"><span class='ocrx_word' id='word_1_299' title='bbox 446 3914 497 3966; x_wconf 80' lang='lat' dir='ltr'>ut·</span> <span class='ocrx_word' id='word_1_300' title='bbox 512 3889 688 3993; x_wconf 82' lang='lat' dir='ltr'>suspicor,</span> <span class='ocrx_word' id='word_1_301' title='bbox 714 3914 824 3967; x_wconf 83' lang='lat' dir='ltr'>ettam</span> <span class='ocrx_word' id='word_1_302' title='bbox 843 3895 1016 3988; x_wconf 80' lang='lat' dir='ltr'>Galilai,</span> <span class='ocrx_word' id='word_1_303' title='bbox 1044 3897 1142 3994; x_wconf 84' lang='lat' dir='ltr'>cujus</span> <span class='ocrx_word' id='word_1_304' title='bbox 1169 3899 1230 3974; x_wconf 87' lang='lat' dir='ltr'>iste</span> <span class='ocrx_word' id='word_1_305' title='bbox 1247 3899 1436 4001; x_wconf 89' lang='lat' dir='ltr'>discipulus</span> <span class='ocrx_word' id='word_1_306' title='bbox 1463 3910 1563 3992; x_wconf 86' lang='lat' dir='ltr'>erat)</span> <span class='ocrx_word' id='word_1_307' title='bbox 1590 3921 1710 3974; x_wconf 89' lang='lat' dir='ltr'>totum</span> <span class='ocrx_word' id='word_1_308' title='bbox 1730 3920 1773 3969; x_wconf 79' lang='lat' dir='ltr'>a·</span> 
     </span>
     <span class='ocr_line' id='line_1_37' title="bbox 449 3989 1771 4094; baseline 0.003 -29"><span class='ocrx_word' id='word_1_309' title='bbox 449 3989 587 4089; x_wconf 87' lang='lat' dir='ltr'>therem</span> <span class='ocrx_word' id='word_1_310' title='bbox 616 4014 697 4066; x_wconf 90' lang='lat' dir='ltr'>cum</span> <span class='ocrx_word' id='word_1_311' title='bbox 724 3993 875 4094; x_wconf 90' lang='lat' dir='ltr'>planetis</span> <span class='ocrx_word' id='word_1_312' title='bbox 902 4016 1005 4071; x_wconf 90' lang='lat' dir='ltr'>motu</span> <span class='ocrx_word' id='word_1_313' title='bbox 1030 3998 1123 4075; x_wconf 89' lang='lat' dir='ltr'>Solis</span> <span class='ocrx_word' id='word_1_314' title='bbox 1157 4001 1252 4076; x_wconf 89' lang='lat' dir='ltr'>circa</span> <span class='ocrx_word' id='word_1_315' title='bbox 1278 3999 1380 4079; x_wconf 89' lang='lat' dir='ltr'>suum</span> <span class='ocrx_word' id='word_1_316' title='bbox 1409 4024 1574 4076; x_wconf 90' lang='lat' dir='ltr'>centrum</span> <span class='ocrx_word' id='word_1_317' title='bbox 1601 3997 1672 4079; x_wconf 73' lang='lat' dir='ltr'>assi</span> <span class='ocrx_word' id='word_1_318' title='bbox 1700 3995 1771 4070; x_wconf 88' lang='lat' dir='ltr'>tir·</span> 
     </span>
     <span class='ocr_line' id='line_1_38' title="bbox 449 4091 1770 4202; baseline 0.002 -36"><span class='ocrx_word' id='word_1_319' title='bbox 449 4091 612 4193; x_wconf 89' lang='lat' dir='ltr'>cumagi,</span> <span class='ocrx_word' id='word_1_320' title='bbox 638 4116 676 4168; x_wconf 94' lang='lat' dir='ltr'>ut</span> <span class='ocrx_word' id='word_1_321' title='bbox 695 4120 785 4196; x_wconf 88' lang='lat' dir='ltr'>aqua</span> <span class='ocrx_word' id='word_1_322' title='bbox 812 4092 975 4171; x_wconf 89' lang='lat' dir='ltr'>abaculo</span> <span class='ocrx_word' id='word_1_323' title='bbox 1000 4097 1038 4172; x_wconf 90' lang='lat' dir='ltr'>in</span> <span class='ocrx_word' id='word_1_324' title='bbox 1058 4099 1178 4176; x_wconf 88' lang='lat' dir='ltr'>medio</span> <span class='ocrx_word' id='word_1_325' title='bbox 1203 4100 1291 4177; x_wconf 85' lang='lat' dir='ltr'>vasis</span> <span class='ocrx_word' id='word_1_326' title='bbox 1305 4100 1518 4202; x_wconf 80' lang='lat' dir='ltr'>quiescentis</span> <span class='ocrx_word' id='word_1_327' title='bbox 1544 4099 1640 4177; x_wconf 88' lang='lat' dir='ltr'>cirta</span> <span class='ocrx_word' id='word_1_328' title='bbox 1665 4096 1770 4171; x_wconf 90' lang='lat' dir='ltr'>suum</span> 
     </span>
     <span class='ocr_line' id='line_1_39' title="bbox 443 4196 1771 4299; baseline 0.005 -34"><span class='ocrx_word' id='word_1_329' title='bbox 443 4218 545 4266; x_wconf 86' lang='lat' dir='ltr'>axem</span> <span class='ocrx_word' id='word_1_330' title='bbox 566 4216 712 4283; x_wconf 68' lang='lat' dir='ltr'>rotato,</span> <span class='ocrx_word' id='word_1_331' title='bbox 737 4196 773 4268; x_wconf 74' lang='grc' dir='ltr'>ἃ</span> <span class='ocrx_word' id='word_1_332' title='bbox 793 4217 832 4272; x_wconf 90' lang='lat' dir='ltr'>ut</span> <span class='ocrx_word' id='word_1_333' title='bbox 852 4196 968 4299; x_wconf 85' lang='lat' dir='ltr'>paleas</span> <span class='ocrx_word' id='word_1_334' title='bbox 993 4197 1052 4273; x_wconf 91' lang='lat' dir='ltr'>seu</span> <span class='ocrx_word' id='word_1_335' title='bbox 1079 4198 1225 4276; x_wconf 88' lang='lat' dir='ltr'>festucas</span> <span class='ocrx_word' id='word_1_336' title='bbox 1252 4230 1270 4277; x_wconf 91' lang='lat' dir='ltr'>a</span> <span class='ocrx_word' id='word_1_337' title='bbox 1299 4229 1349 4276; x_wconf 87' lang='lat' dir='ltr'>uae</span> <span class='ocrx_word' id='word_1_338' title='bbox 1366 4202 1591 4291; x_wconf 89' lang='lat' dir='ltr'>innatantes,</span> <span class='ocrx_word' id='word_1_339' title='bbox 1618 4198 1663 4273; x_wconf 84' lang='lat' dir='ltr'>stc</span> <span class='ocrx_word' id='word_1_340' title='bbox 1678 4196 1771 4272; x_wconf 86' lang='lat' dir='ltr'>astra</span> 
     </span>
     <span class='ocr_line' id='line_1_40' title="bbox 263 4229 1772 4414; baseline 0.003 -48"><span class='ocrx_word' id='word_1_341' title='bbox 263 4350 287 4414; x_wconf 65' lang='grc' dir='ltr'>Ι,</span> <span class='ocrx_word' id='word_1_342' title='bbox 350 4347 369 4412; x_wconf 74' lang='lat'><strong>3</strong></span> <span class='ocrx_word' id='word_1_343' title='bbox 443 4293 564 4367; x_wconf 90' lang='lat' dir='ltr'>medio</span> <span class='ocrx_word' id='word_1_344' title='bbox 581 4293 772 4395; x_wconf 88' lang='lat' dir='ltr'>propiora,</span> <span class='ocrx_word' id='word_1_345' title='bbox 799 4294 950 4370; x_wconf 84' lang='lat' dir='ltr'>celerius</span> <span class='ocrx_word' id='word_1_346' title='bbox 967 4297 1175 4376; x_wconf 89' lang='lat' dir='ltr'>circumire.</span> <span class='ocrx_word' id='word_1_347' title='bbox 1192 4303 1261 4377; x_wconf 88' lang='lat' dir='ltr'>Sed</span> <span class='ocrx_word' id='word_1_348' title='bbox 1273 4229 1353 4377; x_wconf 77' lang='lat' dir='ltr'>hac</span> <span class='ocrx_word' id='word_1_349' title='bbox 1364 4301 1589 4404; x_wconf 89' lang='lat' dir='ltr'>generaliora</span> <span class='ocrx_word' id='word_1_350' title='bbox 1608 4323 1682 4372; x_wconf 88' lang='lat' dir='ltr'>non</span> <span class='ocrx_word' id='word_1_351' title='bbox 1701 4295 1772 4373; x_wconf 86' lang='lat' dir='ltr'>dif-</span> 
     </span>
     <span class='ocr_line' id='line_1_41' title="bbox 288 4369 1773 4505; baseline 0.001 -36"><span class='ocrx_word' id='word_1_352' title='bbox 288 4369 335 4435; x_wconf 43' lang='grc' dir='ltr'>ὅδ’</span> <span class='ocrx_word' id='word_1_353' title='bbox 369 4369 398 4431; x_wconf 72' lang='lat'>4⁰</span> <span class='ocrx_word' id='word_1_354' title='bbox 440 4389 581 4467; x_wconf 88' lang='lat' dir='ltr'>ficulter</span> <span class='ocrx_word' id='word_1_355' title='bbox 598 4392 635 4467; x_wconf 94' lang='lat' dir='ltr'>in</span> <span class='ocrx_word' id='word_1_356' title='bbox 655 4416 812 4468; x_wconf 88' lang='lat' dir='ltr'>mentem</span> <span class='ocrx_word' id='word_1_357' title='bbox 831 4395 1004 4471; x_wconf 85' lang='lat' dir='ltr'>veniunt.</span> <span class='ocrx_word' id='word_1_358' title='bbox 1021 4401 1140 4475; x_wconf 91' lang='lat' dir='ltr'>Nobis</span> <span class='ocrx_word' id='word_1_359' title='bbox 1150 4429 1239 4476; x_wconf 88' lang='lat' dir='ltr'>vero</span> <span class='ocrx_word' id='word_1_360' title='bbox 1260 4401 1479 4505; x_wconf 88' lang='lat' dir='ltr'>propositum</span> <span class='ocrx_word' id='word_1_361' title='bbox 1498 4400 1567 4494; x_wconf 88' lang='lat' dir='ltr'>est,</span> <span class='ocrx_word' id='word_1_362' title='bbox 1594 4400 1684 4500; x_wconf 85' lang='lat' dir='ltr'>ipsas</span> <span class='ocrx_word' id='word_1_363' title='bbox 1694 4422 1773 4471; x_wconf 84' lang='lat' dir='ltr'>nro·</span> 
     </span>
     <span class='ocr_line' id='line_1_42' title="bbox 441 4490 1773 4616; baseline 0.005 -51"><span class='ocrx_word' id='word_1_364' title='bbox 441 4515 544 4565; x_wconf 84' lang='lat' dir='ltr'>tuum</span> <span class='ocrx_word' id='word_1_365' title='bbox 572 4493 668 4593; x_wconf 89' lang='lat' dir='ltr'>leges</span> <span class='ocrx_word' id='word_1_366' title='bbox 692 4490 891 4604; x_wconf 69' lang='lat' dir='ltr'>dillinssius</span> <span class='ocrx_word' id='word_1_367' title='bbox 916 4495 1124 4593; x_wconf 86' lang='lat' dir='ltr'>explicare,</span> <span class='ocrx_word' id='word_1_368' title='bbox 1160 4501 1256 4616; x_wconf 85' lang='lat' dir='ltr'>quod</span> <span class='ocrx_word' id='word_1_369' title='bbox 1283 4504 1394 4602; x_wconf 86' lang='lat' dir='ltr'>longe</span> <span class='ocrx_word' id='word_1_370' title='bbox 1421 4502 1562 4577; x_wconf 89' lang='lat' dir='ltr'>altioris</span> <span class='ocrx_word' id='word_1_371' title='bbox 1588 4496 1773 4601; x_wconf 90' lang='lat' dir='ltr'>indaginis</span> 
     </span>
     <span class='ocr_line' id='line_1_43' title="bbox 439 4590 1774 4702; baseline -0.006 -22"><span class='ocrx_word' id='word_1_372' title='bbox 439 4590 528 4701; x_wconf 46' lang='lat' dir='ltr'>effe)</span> <span class='ocrx_word' id='word_1_373' title='bbox 557 4615 610 4676; x_wconf 61' lang='grc' dir='ltr'><em>Μ</em></span> <span class='ocrx_word' id='word_1_374' title='bbox 636 4591 808 4702; x_wconf 67' lang='grc' dir='ltr'>ᾃοεεδιῑ.</span> <span class='ocrx_word' id='word_1_375' title='bbox 837 4595 993 4667; x_wconf 87' lang='lat' dir='ltr'>Etcum</span> <span class='ocrx_word' id='word_1_376' title='bbox 1021 4595 1139 4698; x_wconf 88' lang='lat' dir='ltr'>aliqua</span> <span class='ocrx_word' id='word_1_377' title='bbox 1168 4627 1208 4675; x_wconf 82' lang='lat' dir='ltr'>tn</span> <span class='ocrx_word' id='word_1_378' title='bbox 1228 4628 1272 4675; x_wconf 95' lang='lat' dir='ltr'>eo</span> <span class='ocrx_word' id='word_1_379' title='bbox 1316 4628 1423 4677; x_wconf 84' lang='lat' dir='ltr'>entre</span> <span class='ocrx_word' id='word_1_380' title='bbox 1450 4603 1554 4678; x_wconf 89' lang='lat' dir='ltr'>nobis</span> <span class='ocrx_word' id='word_1_381' title='bbox 1578 4603 1641 4678; x_wconf 80' lang='lat' dir='ltr'>lux</span> <span class='ocrx_word' id='word_1_382' title='bbox 1669 4600 1774 4676; x_wconf 87' lang='lat' dir='ltr'>afful-</span> 
     </span>
     <span class='ocr_line' id='line_1_44' title="bbox 433 4630 1774 4795; baseline 0.013 -37"><span class='ocrx_word' id='word_1_383' title='bbox 433 4689 546 4784; x_wconf 81' lang='lat' dir='ltr'>sent,</span> <span class='ocrx_word' id='word_1_384' title='bbox 575 4689 610 4763; x_wconf 77' lang='grc' dir='ltr'>δι</span> <span class='ocrx_word' id='word_1_385' title='bbox 638 4690 823 4795; x_wconf 75' lang='lat' dir='ltr'>inquisitio</span> <span class='ocrx_word' id='word_1_386' title='bbox 851 4696 1042 4772; x_wconf 89' lang='lat' dir='ltr'>commode</span> <span class='ocrx_word' id='word_1_387' title='bbox 1067 4699 1260 4778; x_wconf 89' lang='lat' dir='ltr'>admodum</span> <span class='ocrx_word' id='word_1_388' title='bbox 1287 4630 1323 4778; x_wconf 63' lang='lat' dir='ltr'>st</span> <span class='ocrx_word' id='word_1_389' title='bbox 1345 4705 1560 4783; x_wconf 88' lang='lat' dir='ltr'>naturaliter</span> <span class='ocrx_word' id='word_1_390' title='bbox 1576 4703 1774 4785; x_wconf 71' lang='lat' dir='ltr'>succeffiffe</span> 
     </span>
     <span class='ocr_line' id='line_1_45' title="bbox 1593 4805 1715 4880; baseline -0.033 0"><span class='ocrx_word' id='word_1_391' title='bbox 1593 4805 1715 4880; x_wconf 88' lang='lat' dir='ltr'>videa·</span> 
     </span>
    </p>
   </div>
   <div class='ocr_carea' id='block_1_3' title="bbox 0 0 1900 5459">
    <p class='ocr_par' dir='ltr' id='par_1_3' title="bbox 0 0 1900 5459">
     <span class='ocr_line' id='line_1_46' title="bbox 0 0 1900 5459; baseline 0 0"><span class='ocrx_word' id='word_1_392' title='bbox 0 0 1900 5459; x_wconf 95' lang='lat' dir='ltr'> </span> 
     </span>
    </p>
   </div>
  </div>
 </body>
</html>
