3784 5459
419 251 1116 368 SurrrtM.·T0m.1.
1275 300 1378 412 349
1453 260 1458 273 ’

139 492 233 571 opus
259 468 351 547 mihi
376 470 484 563 erit,
520 473 621 575 plura
643 470 714 549 'hac
740 471 785 549 de
811 501 850 549 re
877 464 1151 573 verba'lagete.
1476 508 1569 574 Tomi
1582 511 1609 575 1,

192 575 290 648 Cum
307 571 454 649 statuam
481 575 584 651 valde
605 599 752 650 tenuem
779 571 886 676 cupio
912 572 1018 667 fieri,
1045 596 1123 649 tum
1150 572 1253 650 sumo
1280 600 1451 677 cuprum,
1471 589 1511 653 Su
1533 591 1623 672 plenu

33 699 35 732 ι
138 667 246 772 eique
274 698 353 748 cum
381 698 444 774 pet
470 670 645 749 fullonem
671 672 745 772 jam
761 672 845 750 satis
863 673 1013 749 fluidum
1031 671 1161 766 evafit,
1186 673 1364 750 admisceo
1390 676 1452 774 bp-
1470 609 1600 766 §edem

137 793 225 850 nant
252 771 494 875 quantitatem
518 775 668 873 zinetbt',
696 800 770 848 non
798 798 918 850 tamen
945 772 1132 850 observata
1153 797 1256 858 ,certa
1307 774 1452 860 onderis¹

136 873 378 972 proportione
397 905 406 948 ι
436 898 510 974 quo
528 873 625 947 enim
645 873 721 974 plus
737 876 865 972 zinethi
881 874 1052 965 additur,
1078 900 1122 948 eo
1139 873 1265 950 melius
1281 801 1361 949 buit
1378 899 1453 950 me·

136 970 299 1060 tallum3
327 974 364 1045 δι
392 972 606 1074 quandoque
633 1000 699 1074 pro
728 972 846 1072 parvis
872 1001 912 1050 ac
941 975 1105 1050 tenuibus
1123 972 1243 1049 statuis
1270 973 1456 1074 plusquam

127 1070 288 1170 ,tertiam
313 1072 447 1172 zimebt
470 1095 609 1187 partem
634 1071 780 1174 apposui
807 1127 816 1148 .
854 1073 916 1150 Est
942 1101 1033 1149 vero
1056 1075 1238 1148 Zinethum
1264 1071 1455 1149 substantia

133 1173 302 1271 quadam
321 1172 523 1265 mineralrs,
550 1169 673 1246 fimilis
688 1172 880 1260 Marcasttae
904 1173 964 1248 seu
980 1176 1176 1271 Bismutba,
1202 1174 1238 1247 ἃ
1257 1172 1373 1249 Gallis
1391 1200 1453 1274 ap·

136 1271 296 1370 pellatur
314 1273 362 1344 du
377 1274 489 1345 Ziuc:
516 1271 644 1374 abque
661 1299 730 1374 qua
757 1271 839 1348 sane
865 1300 955 1374 opus
973 1272 1133 1349 nostrum
1149 1271 1300 1347 luccellu
1318 1271 1452 1347 caritu-

133 1395 223 1445 rum
234 1370 334 1448 ‚foret
352 1368 365 1464 ,
394 1370 589 1448 fitenuitaa
607 1371 680 1473 ejus
696 1398 888 1486 permagna
906 1395 1121 1472 expetatur:
1150 1371 1284 1449 etenim
1311 1398 1373 1472 pet
1390 1397 1451 1446 ex·

161 1469 353 1546 erientiam
372 1471 517 1547 edndius
534 1470 639 1564 sum,
659 1473 829 1560 minerale
854 1471 924 1546 hoc
942 1473 1112 1570 efficere,
1140 1495 1180 1546 ut
1198 1472 1383 1547 metallum
1408 1470 1452 1546 li·

134 1495 223 1645 bere
240 1567 356 1659 fluat3
387 1570 445 1647 cui
463 1595 632 1673 praeterea
649 1573 847 1676 elegantem
865 1572 943 1648 auri
966 1573 1125 1648 colorem
1144 1572 1334 1648 conciliat.

128 1705 138 1714 ·
189 1674 314 1746 Statua
341 1671 488 1746 tandem
515 1672 566 1748 ita
594 1670 770 1764 conflata,
798 1672 984 1748 modulum
1001 1698 1175 1763 amoveo,
1202 1671 1238 1744 δι
1266 1673 1310 1746 ab
1326 1698 1366 1746 ea
1393 1698 1449 1748 re·

130 1768 220 1846 leco
238 1771 387 1847 cunstos
403 1769 486 1846 istos
502 1774 640 1848 canales
657 1774 814 1846 minores
832 1804 841 1848 ε
870 1798 996 1846 omnes
1011 1772 1142 1874 quippe
1159 1771 1213 1844 illi
1241 1794 1316 1845 tam
1336 1770 1450 1869 majo·

128 1896 217 1960 res,
235 1897 342 1972 quam
362 1871 540 1963 minores,
558 1896 644 1946 tunc
662 1872 810 1956 metallo
827 1898 874 1972 op
899 1871 964 1945 leti
980 1869 1086 1960 sunt3
1113 1871 1209 1972 quod
1226 1869 1341 1971 ipsum
1360 1872 1451 1947 adeo

131 1969 322 2046 :adservari
350 1974 394 2047 ad
421 1970 562 2052 futuros
580 1971 667 2045 usus
694 1970 833 2069 potest:
862 1898 949 2045 tium
974 1969 1055 2045 sane
1081 1971 1121 2044 in
1147 1969 1202 2042 his
1228 1969 1346 2044 multo
1373 1970 1450 2070 plus

136 2069 367 2162 metallice,
394 2096 501 2168 quam
528 2071 566 2144 in
593 2090 673 2145 tota
698 2068 829 2144 statua.
857 2073 944 2144 Haec
962 2068 1059 2143 enim
1086 2067 1110 2143 fi
1137 2067 1241 2142 valde
1258 2068 1374 2142 tenuis
1391 2067 1452 2142 fie-

130 2170 174 2242 ri
202 2169 363 2257 debeat,
390 2172 505 2268 plures
531 2171 567 2244 bt
595 2168 786 2268 ampliores
812 2190 959 2268 oportet
985 2169 1051 2242 elle
1078 2168 1243 2243 canales:
1273 2190 1380 2268 atque
1407 2163 1454 2241 fic

136 2292 216 2381 qno
243 2269 429 2343 vilioribus
455 2268 527 2371 ipsa
545 2268 657 2343 llatua
684 2267 857 2343 sumtibus
875 2266 1041 2370 parabilis
1058 2265 1126 2359 est,
1153 2293 1197 2342 eo
1213 2264 1327 2364 majus
1352 2291 1455 2341 cana·

128 2367 233 2443 laum
254 2368 390 2468 pondus
407 2366 471 2459 lit,
496 2394 610 2471 eoque
637 2368 714 2469 plus
739 2366 875 2442 metalli
899 2366 982 2442 dein
1000 2366 1173 2442 residuum
1197 2388 1337 2442 manet.

134 2517 140 2540 2
194 2468 257 2543 Ad
284 2465 565 2569 cognoscendam
592 2494 682 2542 vero
706 2466 946 2568 quantitatem
973 2467 1118 2542 Metalli
1145 2466 1188 2541 ad
1214 2492 1331 2568 opus,
1356 2464 1454 2569 quod

139 2567 266 2668 taliter
283 2569 445 2660 molior,
472 2566 651 2668 requiliti,
676 2565 857 2645 decadem
876 2567 1034 2642 mixtura
1061 2594 1080 2642 e
1097 2592 1178 2642 cera
1209 2569 1244 2640 8<
1263 2565 1338 2666 pice
1365 2591 1452 2641 enn-

136 2662 263 2759 feela,
290 2694 333 2741 ex
374 2689 417 2742 ua
444 2666 637 2744 formulam
662 2666 781 2742 statuae
798 2666 926 2742 futura
943 2663 1144 2768 confingo,
1170 2666 1453 2769 qualemcunque

138 2772 288 2842 mallem
307 2691 451 2842 aninmo
466 2769 503 2841 &
515 2768 697 2867 ponder03
724 2767 826 2867 super
844 2794 914 2869 qua
931 2765 1014 2842 dein
1032 2766 1245 2866 peculiarem
1263 2765 1450 2840 modulum

136 2864 297 2940 efformo
322 2891 366 2939 eo
383 2864 476 2957 fine,
502 2890 541 2941 ut
567 2867 649 2941 huic
676 2866 758 2941 dein
785 2866 897 2942 infusa
914 2865 1052 2941 metalli
1069 2866 1176 2941 malla
1193 2866 1347 2963 ejusdem
1365 2889 1450 2938 cum

33 3013 35 3054 2
136 2965 205 3041 illa
233 2965 338 3039 molis
363 2963 453 3040 fiat:
483 2991 503 3040 e
525 2964 624 3064 cujus
643 2964 747 3067 ipstus
773 2990 914 3066 quoque
932 2963 1087 3064 pondere
1108 2965 1323 3064 explorato,
1349 2988 1449 3036 com-

34 3141 36 3151 ,
138 3089 233 3170 puto
250 3065 521 3167 proportionem
549 3065 647 3140 inter
663 3062 800 3166 pondus
818 3064 955 3140 metalli
981 3088 1143 3138 accere:
1173 3063 1237 3137 hac
1258 3062 1309 3136 ita
1327 3060 1452 3160 cogni·

32 3208 37 3250 ι
137 3188 201 3258 ta,
228 3164 379 3241 srmodo
406 3164 482 3266 post
494 3162 705 3256 observem,
731 3188 822 3265 quot
837 3165 947 3239 librat
963 3189 1051 3237 cerae
1068 3159 1243 3238 insumam
1270 3184 1344 3236 tam
1358 3159 1448 3261 figu-

33 3339 37 3354 ,
137 3289 209 3358 rte,
235 3264 537 3367 quamcanalibus
563 3263 788 3357 formandis,
815 3263 918 3339 facile
935 3262 1109 3339 calculum
1136 3261 1181 3337 ad
1204 3259 1376 3361 exiguum
1396 3256 1449 3332 u's·

32 3415 38 3459 ι
137 3365 211 3466 que
240 3385 463 3439 momentum
490 3365 594 3440 valeo
609 3364 825 3456 subducere,
850 3388 1025 3466 quantum
1053 3361 1190 3440 metalli
1216 3361 1260 3437 ad
1276 3358 1449 3436 fullonem
1502 3463 1504 3466 .

34 3516 38 3560 :
133 3462 236 3539 'mihi
262 3487 349 3563 opus
376 3461 436 3537 fit.
753 3523 757 3530 Α

33 3619 39 3668 5
191 3563 266 3642 Hic
286 3563 334 3639 est
353 3562 499 3655 modus,
524 3587 599 3667 quo
617 3564 654 3640 in
673 3563 867 3644 conflandis
883 3560 1006 3640 statuis
1032 3562 1162 3666 infigni
1180 3564 1356 3640 tenuitate
1373 3559 1449 3663 pol·

33 3723 37 3768 5
136 3665 296 3744 lentibus
314 3687 418 3756 utor,
445 3664 508 3766 qui
535 3664 644 3740 etiam
671 3691 855 3766 nunquam
882 3691 956 3739 non
983 3691 1026 3739 ex
1044 3687 1134 3740 voto
1163 3663 1253 3738 mibi
1269 3663 1447 3742 succeffit.
1473 3666 1620 3751 pagan·

136 3769 324 3846 Hauenus
351 3763 516 3869 equidem
544 3765 677 3840 nullam
706 3764 819 3841 adhuc
846 3763 993 3839 fundere
1020 3764 1196 3878 aggressus
1221 3762 1298 3839 sum
1325 3817 1337 3854 ,
1371 3788 1448 3863 qna

33 3941 35 3952 ,
136 3870 231 3947 ultra
251 3887 383 3945 nouem
400 3866 506 3970 pedes
531 3864 733 3940 altitudinis
758 3862 951 3940 habuerit:
981 3890 1189 3964 neutiquam
1207 3888 1328 3940 tamen
1346 3861 1447 3936 dubi·

33 4013 41 4064 t
133 3992 199 4064 to,
225 3971 337 4074 quin,
354 3970 478 4045 eadem
496 3965 682 4043 observata
700 3963 895 4055 methodo,
921 3963 1009 4039 talea
1024 3963 1063 4039 in
1080 3989 1290 4065 quacunque
1312 3958 1450 4061 magni·

32 4065 45 4174 ᾗς
136 4073 261 4147 tudine
278 4069 469 4146 desiderata
496 4090 620 4170 parare
648 4066 806 4141 valeam.
833 4069 890 4139 Ac
916 4062 1028 4156 sane,
1055 4065 1331 4171 quamprimum·
1348 4060 1448 4160 quie·

33 4171 47 4244 2
131 4170 247 4248 tiores
273 4170 408 4245 erimus
434 4198 453 4244 a
480 4169 578 4243 malo
594 4164 715 4241 nostro
740 4163 865 4238 vicino
881 4168 1020 4254 Turta,
1046 4165 1185 4240 animus
1203 4160 1251 4238 est
1271 4184 1374 4235 nntca
1393 4156 1447 4231 fn·

38 4257 48 4328 ν’
137 4268 229 4348 lione
258 4268 415 4346 eonllare
439 4267 589 4343 statuam
605 4263 839 4366 Imperatoria
855 4260 966 4337 nostri
992 4265 1166 4364 Lenpoldi
1190 4263 1219 4334 1.
1246 4284 1340 4359 equo
1366 4254 1447 4331 infi-

38 4424 39 4452 t
137 4373 274 4465 dentis,
293 4370 410 4446 multo
421 4367 657 4474 grandiorem
673 4361 828 4440 naturali
845 4359 975 4436 statura
994 4395 1003 4436 ε
1032 4362 1109 4436 imo
1129 4357 1275 4458 jamjam
1292 4355 1335 4470 de
1352 4353 1447 4430 sum·

136 4474 255 4569 ptibns
271 4473 303 4548 ei
331 4474 343 4546 i
384 4469 577 4575 perdendis
594 4463 749 4544 trablavi
776 4485 860 4538 cum
876 4462 1034 4536 Statibus
1052 4458 1155 4554 hujus
1172 4455 1387 4568 provipctaee
1411 4456 1448 4530 δι

32 4564 54 4674 ’ζ
137 4571 227 4647 forte
248 4497 383 4668 deduz
409 4592 464 4648 ree
491 4573 536 4648 ad
560 4568 670 4646 linem
687 4562 858 4671 perdudla
873 4558 991 4656 foret,
1017 4556 1082 4634 nist
1097 4556 1233 4633 belhen
1251 4552 1345 4636 lusce
1363 4581 1445 4632 mo·

42 4723 44 4731 t
139 4672 230 4752 tibus
257 4674 394 4753 turbati
418 4672 600 4754 fuiffemue
624 4670 695 4748 &co
1041 4720 1045 4727 ·
1137 4729 1141 4736 .
1314 4758 1383 4837 DI
1439 4716 1443 4732 ·
