3784 5459
453 285 1111 401 Eauottoauu.
1283 277 1372 437 βε

36 509 48 564 l
141 494 347 575 Toinardus
363 496 576 601 respondet,
592 527 646 600 ,ex
664 499 922 576 Taciti'verbis
949 499 987 576 id
1013 523 1155 578 tantum
1182 504 1306 608 colligi
1333 507 1449 609 posse,
1473 498 1638 568 samma

36 613 48 662 ²
141 596 1447 782 atetsnltsulrlzrrff“³ntreswan

36 715 45 860 i
138 723 205 868 hus
220 723 345 869 eodeht
361 725 485 891 aranon,¹
504 823 578 900 quo
597 723 951 902 Agrieilieniortuus
969 795 1018 872 cll
1033 726 1292 890 ‚qcsrihianos
1318 730 1449 880 venisse
1488 762 1491 769 Ι
1623 776 1626 783 ’

37 917 41 958 r
138 893 315 992 coeperit,
339 920 421 969 cum
474 896 642 975 raesertim
660 897 855 998 respublica
872 895 1059 996 primum,
1085 924 1125 973 ac
1141 897 1278 977 deinde
1303 899 1446 978 demum
1471 898 1544 982 1³²3·
1565 915 1634 982 ι97·

36 1018 39 1058 l
138 989 299 1066 Ecclesia
316 994 410 1068 male
427 924 473 1071 ah
486 1021 530 1072 co
546 985 667 1071 habita
683 994 810 1069 suerit.
836 998 966 1108 Neque
985 1017 1104 1069 tamen
1123 995 1359 1074 inDodwelli
1375 998 1458 1076 scu-v

137 1089 291 1165 tentiam
312 1093 498 1186 concedit,
522 1117 604 1168 cum
622 1119 669 1168 ex
684 1092 805 1169 Brutii
822 1092 940 1167 verbra
958 1093 1050 1166 nihil
1066 1095 1162 1169 aliud
1179 1095 1303 1171 deduci
1322 1096 1449 1198 possit,

36 1255 38 1260 .
134 1209 246 1359 qqram
275 1217 372 1267 anno
398 1216 455 1286 95.
484 1192 765 1293 persecutionem
793 1190 1004 1266 Domitiani
1039 1193 1192 1270 maxime
1217 1194 1449 1272 efferbuisse.

36 1321 37 1360 1
186 1287 305 1364 ediam
323 1315 410 1390 ergo
425 1290 520 1367 viam
538 1291 663 1407 eligit,
679 1289 865 1379 &statuit‚
882 1289 1157 1366 Domitianeam
1168 1293 1449 1393 persecutionem

133 1384 279 1499 coepiffe
297 1388 413 1464 mense
429 1391 627 1465 Februario
652 1389 737 1465 anni
756 1415 812 1482 94
838 1393 1049 1489 Antequam
1066 1415 1184 1466 autem
1213 1392 1304 1468 hanc
1331 1394 1451 1469 disset·

134 1507 314 1561 rationem
332 1488 560 1659 qggrcdiatur
577 1543 590 1581 ,
617 1512 721 1563 notat
737 1483 953 1563 Chronicon
974 1487 1136 1569 Paschals
1153 1489 1302 1566 initium
1318 1490 1455 1569 Domi·

134 1582 262 1660 tianeae
279 1611 341 1686 per
356 1587 531 1663 centronis
550 1587 739 1663 aunebhete
766 1612 863 1664 anno
876 1585 946 1662 Ch.
967 1611 1035 1679 92,
1053 1612 1126 1661 nnn
1145 1615 1215 1682 93,
1239 1613 1281 1663 ut
1308 1591 1452 1690 putavit

72 1757 75 1764 ,
136 1683 185 1758 Pa
212 1683 286 1775 ius,
313 1710 418 1786 quern
437 1689 472 1760 br
491 1686 530 1761 in
546 1713 591 1761 eo
608 1685 864 1761 hallucinatum
880 1682 1025 1774 scribit,
1050 1685 1147 1799 quod
1164 1685 1326 1763 chronici
1345 1689 1450 1787 hujus

135 1709 320 1858 auslorem
347 1784 385 1858 in
403 1785 647 1887 consignandis
665 1781 928 1885 olympiadibus
946 1782 1184 1861 Eusebianam
1201 1788 1380 1863 tationem
1399 1787 1451 1863 se·

135 1880 200 1980 qui
229 1881 297 1956 live
325 1907 399 1957 uno
426 1911 522 1960 anno
549 1910 605 1959 eas
622 1906 851 1959 antevertere
865 1884 1026 1973 afferat,
1049 1884 1134 1958 licet
1161 1911 1287 1962 revera
1313 1886 1451 1963 duobus
1602 1972 1606 1979 ¹

133 1979 239 2054 annis
265 1981 309 2056 ab
333 1982 478 2057 aub'tnre
497 1981 659 2057 chronici
685 2003 981 2057 antevertantur.
1161 2034 1164 2038 «
1447 2013 1450 2020 ’

185 2081 232 2152 In
258 2079 420 2156 Historia
447 2080 617 2157 Deciana
642 2077 894 2179 persecutionis
922 2101 1025 2154 notat
1050 2080 1287 2175 Tainardus,
1312 2083 1452 2159 Decios
1568 2157 1605 2176 ,1

136 2173 325 2275 imperasse
352 2179 486 2253 abillo
513 2202 585 2252 tem
637 2178 685 2251 ris
712 2176 857 2277 spatio,
883 2175 981 2276 quod
1008 2177 1055 2251 esl
1081 2177 1177 2254 inter
1207 2206 1261 2274 17·
1287 2181 1385 2269 Junii
1412 2183 1450 2257 bt

137 2275 340 2365 amobinb.
358 2276 447 2353 anni
460 2303 539 2369 249.
558 2203 664 2376 uihhe
683 2274 851 2353 adfinem
870 2275 1051 2350 Novemb.
1068 2278 1153 2356 anni
1167 2301 1232 2371 251
1247 2331 1259 2371 ‚
1275 2281 1311 2353 dt
1330 2278 1450 2356 Chro-

131 2370 212 2448 uici
230 2372 405 2450 Paschalis
420 2377 603 2451 aussorem
622 2374 730 2450 Decii
747 2373 939 2475 imperium
957 2373 1053 2450 intra
1070 2375 1173 2450 unius
1187 2379 1272 2452 anni
1291 2376 1448 2478 spacium

134 2495 321 2584 perperam
340 2471 516 2548 definite.
544 2472 701 2558 Adducit
719 2498 763 2547 ex
788 2472 1114 2557 eodemfchronico
1140 2476 1258 2551 locum
1285 2477 1328 2551 de
1355 2501 1450 2553 mar·
1599 2538 1610 2567 ,

134 2593 236 2664 tyrso
254 2572 395 2663 Pionii,
418 2598 524 2689 quem
543 2572 581 2645 in
598 2572 727 2647 mendo
753 2572 881 2647 cubate
907 2569 1097 2669 suspicatus
1112 2573 1178 2648 est.
1205 2578 1264 2651 Ac
1289 2573 1449 2675 primum
1606 2605 1609 2612 ·

184 2668 280 2743 idem
314 2697 380 2771 pro
405 2671 429 2739 l
457 2675 540 2739 eles
557 2671 727 2762 Μαρτίων,
752 2670 812 2746 seu
837 2698 871 2760 ψ
890 2669 944 2746 ld.
963 2674 1077 2744 Mart.
1105 2696 1292 2771 putaverat
1319 2673 1448 2774 reponi

156 2766 262 2842 ebere
287 2796 320 2857 4
338 2770 416 2846 idus
434 2773 560 2858 Julius.
585 2772 690 2847 Dicit
708 2770 805 2845 enim
823 2768 966 2844 Austor
982 2767 1162 2861 chronici,
1190 2770 1355 2847 Pionium
1374 2770 1448 2873 pas·

128 2861 214 2937 sum
238 2892 272 2956 4
290 2867 343 2941 Id.
358 2872 512 2962 Martii,
538 2872 635 2972 quod
660 2868 914 2943 ellsecundum
931 2865 1081 2942 Asianos
1104 2868 1221 2942 mense
1243 2881 1276 2943 ό.
1300 2871 1358 2945 die
1390 2896 1446 2946 aa.

128 2961 272 3038 sabbati
298 2964 387 3043 hora
412 2969 575 3045 decima.
603 2966 721 3067 Atqui
747 2991 860 3066 neque
887 2988 1099 3057 ann0251‚
1123 2965 1169 3040 ad
1194 2993 1299 3066 quem
1325 2967 1447 3043 Piooii
1590 3031 1604 3042 ..

130 3063 353 3156 martyrium
371 3068 411 3142 in
430 3068 494 3140 illo
512 3066 686 3142 chronico
703 3062 875 3156 refertur,
901 3087 1016 3164 neque
1034 3088 1096 3161 per
1111 3085 1231 3138 totum
1251 3065 1361 3140 Decii
1376 3066 1444 3142 im·
1575 3136 1579 3140 ,
1629 3131 1634 3137 .

127 3160 274 3262 perium
292 3165 404 3240 ullum
413 3167 627 3260 Sabbatum,
653 3162 752 3267 quod
768 3163 809 3238 fit
828 3160 1046 3238 menss‘dies
1068 3188 1130 3254 12,
1148 3188 1229 3237 cum
1246 3163 1368 3335 aliquo
1385 3164 1444 3239 die
1571 3163 1572 3166 '

126 3283 266 3360 quarto
282 3263 409 3340 Iduum
427 3266 672 3342 conneblitut.
701 3261 845 3338 Deinde
863 3286 929 3363 pro
943 3264 1015 3345 ratu*
1033 3262 1110 3345 sate
1134 3260 1194 3335 seu
1213 3287 1292 3337 men
1309 3288 1329 3337 e
1344 3260 1444 3337 sexto
1619 3269 1623 3292 ²

125 3357 326 3459 legendum
352 3388 568 3462 putaverat:
596 3368 665 3447 prael
686 3357 774 3446 luri
801 3361 918 3436 mense
944 3362 1021 3463 ipso
1047 3361 1117 3436 five
1141 3360 1294 3458 eodem.
1322 3360 1443 3439 Postea

126 3479 260 3530 tamen
287 3462 440 3535 mutatio
457 3462 590 3536 Martii
615 3464 655 3537 in
672 3463 804 3549 lulium
821 3460 988 3534 audacior
1014 3460 1087 3534 visa
1104 3455 1178 3534 est.
1204 3457 1354 3535 Censuit
1374 3461 1444 3537 ita·

124 3577 206 3655 que
226 3581 308 3630 vere
326 3558 369 3632 ah
387 3560 549 3633 Auslore
566 3559 731 3634 chronici
748 3556 922 3633 Paschalis
946 3557 1117 3658 scriptum
1142 3554 1242 3631 fuisse
1268 3581 1351 3648 ante
1376 3561 1444 3635 IV.

126 3655 224 3730 Idus
233 3657 412 3749 Martias,
429 3658 487 3732 sed
497 3658 679 3733 Martium
697 3656 748 3732 ibi
763 3655 1035 3768 intelligendum
1053 3654 1366 3748 elseXanthicum,
1380 3656 1445 3758 qui

118 3752 168 3828 in
187 3753 407 3832 Afiauorum
428 3757 740 3832 Proconsularium
766 3779 863 3830 anno
879 3752 986 3829 solari
1004 3751 1202 3846 statuarii,
1222 3755 1326 3830 dubia
1342 3755 1445 3830 dinu-

127 3853 340 3929 meratione
358 3883 378 3931 a
394 3857 512 3932 mense
530 3856 629 3948 Dio,
671 3857 707 3930 ui
724 3854 794 3930 init
812 3854 845 3928 d.
857 3857 1022 3953 a4Sept..
1033 3854 1329 3954 quemadmodum
1346 3859 1442 3930 Xan·
1468 3901 1470 3903 ·

126 3952 254 4028 thicus
270 3955 328 4029 die
348 3979 403 4030 aa.
424 3953 632 4030 Februarii.
645 3882 700 4030 in
717 3956 783 4030 hac
798 3952 974 4027 sententia
991 3949 1221 4028 confirmatus
1236 3950 1304 4026 fuit
1321 4005 1333 4044 ‚
1359 3978 1441 4026 cum

122 4053 315 4144 crederet,
341 4054 510 4128 Pionium
528 4077 624 4127 anno
646 4075 724 4146 250.
742 4053 875 4151 passum
887 4049 1012 4143 fuisse,
1031 4052 1127 4151 quod
1139 4052 1180 4146 in
1199 4049 1286 4125 aslis
1301 4049 1375 4143 ejus
1390 4048 1441 4122 se·

122 4154 271 4229 cundus
290 4153 399 4228 Decii
417 4152 619 4226 consulatus
636 4151 788 4227 indicat.
814 4149 950 4223 Statuit
966 4172 1085 4226 autem
1103 4176 1184 4225 cum
1201 4151 1238 4222 in
1256 4147 1343 4222 attis
1361 4146 1443 4221 Pio·

122 4254 180 4328 nii
198 4309 211 4346 ‚
243 4279 322 4329 tunt
341 4253 378 4326 in
401 4250 576 4325 chronico
593 4248 749 4325 Paschali
767 4246 981 4323 vocabulum
997 4248 1130 4324 sabbati
1147 4248 1184 4319 in
1201 4245 1258 4318 die
1275 4244 1443 4340 martyrii

117 4354 294 4429 Pioniani
316 4376 497 4454 perperam
516 4348 677 4425 additum
695 4346 799 4421 fuisse
819 4347 1009 4459 aquodam
1030 4346 1162 4434 sciolo,
1185 4342 1246 4442 qui
1264 4368 1346 4416 cum
1365 4342 1442 4417 nos·

121 4453 203 4545 set,
223 4454 401 4529 Pionium
415 4452 454 4526 in
467 4459 646 4526 carcerem
665 4445 807 4521 missum
825 4443 928 4519 fuisse
946 4445 1003 4519 die
1013 4442 1146 4519 sabbati
1163 4439 1351 4552 &quidem
1370 4467 1444 4516 roa·

118 4557 209 4661 gni,
236 4552 332 4626 diem
359 4576 431 4651 quo
449 4550 595 4625 Pionius
611 4547 648 4621 io
666 4568 841 4621 carcerem
861 4542 982 4617 missus
997 4539 1045 4614 est
1063 4591 1074 4630 ,
1101 4563 1180 4612 cum
1199 4539 1256 4612 dre
1276 4537 1442 4637 passionis
1457 4577 1527 4665 ρξ’
1545 4585 1612 4659 ¹98·

118 4656 228 4731 nullo
247 4650 450 4729 discrimine
466 4648 591 4728 habito
608 4644 771 4760 confudit
789 4698 799 4719 .
824 4646 1007 4719 Curetum
1026 4634 1118 4713 unde
1133 4634 1440 4840 sabbatun‘rlpplpd,
1458 4689 1460 4695 ι
