3784 5459
456 290 1120 402 Enuotuottutt.
1280 292 1406 441 389·

140 503 286 603 pundlis
303 509 357 598 E,
373 510 423 601 B,
440 507 677 611 -longitudine
695 508 768 608 ejus
787 512 907 585 EGB
927 561 938 600 ,
964 509 1000 583 δι
1027 506 1202 610 pofitione
1219 513 1327 589 ‘tecla
1353 518 1460 605 BG,
1488 523 1641 598 Amnon
1663 511 1667 520 '

141 605 223 678 dari
252 607 380 706 pollint
406 609 588 713 segmenta
614 635 757 683 curvae.
795 608 1008 683 Methanice
1036 611 1249 704 nauclerus,
1276 613 1460 716 postquam
1489 615 1549 676 An·
1568 613 1646 700 1⁶22

140 705 274 779 Velum
294 730 405 783 vento
423 709 586 785 inflatum
604 707 712 782 suerit
733 761 744 799 ,
772 734 847 782 rem
873 707 977 782 facile
994 709 1187 809 expediet:
1216 713 1339 789 Duua
1364 715 1464 788 enim
1491 691 1643 764 MMW·

142 803 319 902 pofitione
337 808 421 884 data
438 816 531 900 BG,
548 809 686 890 dantur
705 833 805 884 arcus
831 810 866 882 u<
884 807 1045 885 subtensa
1064 813 1163 901 GB‚
1190 810 1326 887 &hinc
1346 814 1466 890 radius

140 899 269 979 circuli
290 912 388 1000 AG,
415 910 598 1010 ipsumque
618 899 789 1008 pudclum
808 913 844 984 G
860 923 877 997 ς’
899 909 934 980 δι
963 910 1046 1011 quia
1065 910 1187 986 datum
1207 937 1349 1013 quoque
1379 939 1467 1009 pun·

140 1002 244 1078 dium
263 1011 295 1080 E
326 1009 361 1082 dt
383 1035 493 1084 curva
511 1013 583 1085 EG
603 1006 857 1108 longitudine,
884 1007 1030 1084 dabitur
1048 1008 1169 1084 eadem
1187 1011 1297 1085 etiam
1323 1013 1468 1112 positio·

139 1128 187 1175 ne
211 1158 221 1195 ,
250 1132 312 1206 pet
330 1110 474 1210 praeced.
502 1109 608 1183 Unde
626 1109 661 1179 dt
681 1108 860 1183 dabuntur
877 1133 957 1183 axes
974 1109 1183 1211 equilibtii,
1209 1112 1371 1212 viresque
1399 1111 1469 1185 im⁶

139 1203 346 1303 pulsronum
366 1234 443 1285 tum
461 1206 896 1304 funicularinEG,tum
916 1208 1043 1283 circuli
1061 1213 1151 1302 GB,
1168 1237 1208 1286 ac
1225 1211 1374 1311 proinde
1394 1209 1470 1286 axis

140 1304 336 1402 aequilibrii
350 1311 434 1384 Veli
462 1308 573 1383 totius
590 1312 622 1381 E
637 1311 671 1381 G
682 1311 733 1397 Β,
757 1333 821 1382 ceu
840 1308 1165 1411 parallelogrammi
1184 1308 1389 1412 diagonios,
1416 1310 1471 1386 vi·

142 1428 270 1505 resque
289 1409 417 1509 quibus
434 1408 534 1508 juxta
553 1408 646 1481 hunc
665 1407 884 1505 impellitur,
912 1434 975 1510 per
995 1435 1012 1481 2
1033 1410 1068 1481 δι
1091 1435 1146 1483 22.

168 1547 171 1552 <
193 1527 253 1598 25.
283 1505 416 1601 Nota,
442 1505 621 1608 supponi,
675 1509 743 1582 uod
770 1505 949 1599 fluidum,
978 1507 1053 1608 post
1073 1505 1253 1624 adlapsum
1271 1511 1313 1586 ad
1335 1510 1472 1611 portlo-

143 1627 228 1677 nent
246 1607 322 1686 veli
339 1614 435 1703 EG,
462 1609 571 1683 libere
592 1632 638 1707 po
682 1630 696 1682 t
716 1631 857 1683 motum
874 1607 975 1682 suum
994 1607 1094 1709 prose
1123 1635 1183 1685 ut:
1213 1634 1250 1684 at
1269 1610 1472 1711 hypothesis

144 1703 218 1779 haec
238 1706 278 1780 in
300 1708 420 1813 rigore
440 1708 600 1809 sumpta,
628 1730 667 1780 ut
693 1707 855 1809 opinor,
882 1734 967 1783 vera
985 1735 1058 1783 non
1077 1634 1151 1784 es.
1188 1708 1345 1783 Videtur
1372 1710 1470 1785 enim

145 1829 292 1882 torrens
311 1808 413 1885 fluidi
433 1837 453 1884 a
472 1809 653 1910 stagnante
672 1806 744 1881 e'us
763 1808 929 1907 portione
948 1809 988 1883 in
1004 1807 1191 1911 segmento
1201 1813 1270 1885 GB
1287 1809 1340 1884 ita
1355 1807 1471 1883 suffla·

146 1905 282 1982 minari
302 1909 459 2000 debere,
487 1932 527 1982 ut
545 1907 648 2008 supra
665 1833 836 1981 cstordam
854 1913 922 1983 GB
940 1908 983 1982 ad
1003 1933 1117 2009 partes
1135 1912 1171 1984 G
1191 1909 1346 1983 exundet
1367 1962 1377 2000 ,
1405 1907 1472 1983 ibi·

147 2031 218 2107 que
236 2033 377 2084 certum
393 2009 527 2082 formet
545 2006 697 2105 spatium
716 2010 792 2080 BG
805 2009 857 2098 L,
884 2005 981 2080 intra
997 2008 1093 2107 quod
1111 2006 1229 2080 omnis
1246 2032 1307 2082 aer
1333 2008 1393 2082 vel
1408 2005 1474 2082 sta·

176 2131 264 2180 nate
283 2107 445 2208 prorsus,
469 2108 527 2180 vel
545 2106 616 2179 labi
634 2104 757 2179 saltem
776 2103 916 2206 segnius
934 2128 1114 2207 cogatur,
1141 2106 1177 2177 ἃ
1196 2103 1241 2178 lic
1259 2106 1336 2207 plus
1354 2129 1473 2181 motus

147 2131 204 2278 sui
224 2205 263 2280 in
282 2207 354 2283 veli
372 2206 577 2309 portionem
598 2209 671 2281 EG
688 2204 879 2281 transferre
896 2206 1073 2280 necessum
1091 2203 1217 2280 habeat
1233 2258 1244 2296 ‚
1262 2231 1369 2306 quam
1388 2207 1473 2282 alias

149 2303 312 2401 faceret,
337 2307 454 2382 finon
473 2306 648 2408 impedito
668 2304 769 2378 cursu
786 2327 932 2405 pergere
951 2306 1082 2405 posset:
1113 2304 1204 2380 unde
1223 2302 1474 2420 consequitur,

148 2406 275 2481 velum
290 2408 436 2510 quidem
454 2408 492 2481 in
508 2429 607 2507 parte
626 2409 694 2481 GB
714 2404 838 2478 circuli
856 2459 868 2498 ,
893 2405 1051 2578 inparte
1067 2409 1130 2483 LE
1158 2402 1377 2479 funiculartae
1394 2432 1474 2480 eur-

150 2528 320 2582 vaturam
343 2506 520 2598 induere,
548 2529 584 2580 at
611 2506 648 2580 in
668 2527 767 2604 parte
784 2506 860 2580 GL
878 2531 935 2579 me
962 2505 1002 2578 iae
1018 2504 1113 2579 inter
1133 2527 1320 2605 utramque
1339 2529 1474 2584 naturae

152 2607 221 2681 else
232 2659 244 2700 ,
271 2611 306 2682 dt
325 2633 402 2710 quae
420 2606 463 2680 ab
481 2604 706 2680 exuberantis
722 2602 823 2678 fluidi
840 2602 985 2705 figura,
1012 2603 1154 2708 ejusque
1172 2603 1210 2678 in
1229 2604 1348 2678 uelum
1367 2631 1474 2707 agen·

150 2705 189 2779 di
208 2707 350 2782 ratione
366 2707 579 2808 dependeat.
598 2709 704 2779 Hanc
716 2729 805 2778 vero
824 2706 876 2777 uti
894 2702 1131 2802 conjedluris,
1147 2729 1223 2806 quae
1242 2703 1281 2777 in
1300 2727 1473 2806 promptu

153 2805 249 2879 mihi
274 2807 382 2897 sunt,
408 2803 556 2881 definire
583 2805 698 2896 nolo,
724 2804 775 2878 ita
794 2829 918 2877 eorum
937 2802 1151 2905 sagacitati,
1177 2828 1331 2904 quorum
1361 2804 1472 2904 pluris

154 2904 302 2980 interest
328 2930 404 2980 tem
422 2904 602 2979 nauticam
631 2901 825 3002 perficere,
852 2900 1089 3003 indagandam
1109 2902 1293 3001 relinquo.
1318 2907 1401 3004 Ego
1419 2905 1474 2980 in·

156 3026 260 3081 terea
288 3030 355 3106 pro
381 3003 529 3081 homine
547 3004 809 3078 mediterraneo
836 2999 879 3076 ad
907 3002 1094 3102 negotium
1122 2998 1375 3092 maritimum,
1428 3029 1473 3078 uo

154 3104 300 3182 nonest
326 3104 421 3181 aliud
449 3130 468 3178 e
494 3130 569 3218 quo
595 3103 698 3178 rebus
723 3100 888 3191 humanis
913 3099 1031 3202 major
1048 3100 1185 3178 accedit
1204 3098 1369 3193 utilitas,
1396 3029 1475 3203 [idua

152 3202 236 3281 satis
255 3203 442 3281 contulisse
469 3203 559 3278 mihi
585 3201 730 3278 videor.

205 3306 305 3399 Qtia
332 3305 369 3378 in
396 3329 441 3378 eo
469 3304 645 3404 hucusque
661 3301 744 3395 fui,
771 3328 810 3378 ut
827 3299 1065 3380 Funieulariae
1083 3301 1183 3380 usum
1209 3301 1304 3381 inre
1331 3302 1474 3380 nautica

154 3404 404 3494 ostenderem,
427 3401 524 3476 lubet
543 3402 601 3476 hic
618 3428 759 3515 quoque
777 3404 883 3479 aliam
900 3403 974 3503 ejus
993 3405 1251 3506 proprietatem
1271 3402 1474 3504 nonginele·

157 3525 328 3606 gantem,
355 3526 431 3602 quae
448 3501 487 3575 in
504 3501 649 3576 Staticis
665 3501 854 3613 aliquando
874 3500 950 3577 usui
968 3501 1087 3577 futura
1098 3502 1166 3596 est,
1194 3529 1370 3617 quamque
1386 3507 1474 3578 Fra·

155 3604 224 3679 tris
241 3600 419 3677 industriae
437 3600 623 3692 debemus,
640 3625 797 3700 aperiret
817 3599 873 3675 Sit
892 3601 987 3676 resia
1001 3601 1238 3677 horizontalts
1254 3608 1332 3680 AD
1349 3601 1475 3678 Vestis

156 3704 288 3778 nullius
304 3700 494 3803 gravitatis
512 3703 548 3776 δι
564 3698 664 3774 simul
682 3699 757 3776 axis
774 3699 992 3775 funiculario
1008 3704 1098 3792 CE,
1118 3702 1288 3802 pundlum
1306 3706 1336 3779 B
1361 3702 1475 3778 vnclis

154 3799 453 3906 hypomochlium
480 3803 516 3876 δι
534 3806 665 3877 Curvae
679 3822 868 3891 centrum,
886 3798 998 3902 sitque
1016 3804 1221 3896 AB=BC,
1248 3804 1283 3878 dt
1303 3804 1341 3878 in
1360 3808 1397 3879 A
1414 3829 1474 3904 ap·

157 3903 304 4004 pensum
333 3902 549 4003 pondusF,
576 3924 683 4003 atque
710 3899 806 3976 aliud
833 3900 916 3975 huic
944 3901 1075 4003 aequale
1093 3906 1130 3978 G
1159 3903 1274 3977 ubivis
1299 3902 1474 3977 incurva

46 4039 47 4042 ¹
158 4002 414 4094 constitutum,
440 4000 539 4102 cujus
556 3999 734 4078 descensus
750 3999 970 4102 impediatur
988 4025 1050 4102 per
1066 3998 1168 4076 silum
1185 4006 1226 4078 D
1238 4006 1276 4078 H
1287 4005 1325 4077 G
1339 4055 1351 4094 ‚
1376 4001 1472 4102 quod
1495 3970 1566 4055 ΡΨ·
1589 3988 1660 4055 ²⁰7'

157 4102 355 4179 trochleam
373 4106 411 4176 H
444 4201 453 4217 ·
501 4100 654 4202 plellens
681 4099 1023 4200 perpendiculariter
1048 4127 1093 4175 ex
1118 4102 1222 4178 veile
1248 4100 1473 4201 dependeat,

158 4225 261 4278 erunt
279 4201 388 4293 sicco
443 4226 535 4275 ttuta
547 4198 701 4300 pondera
718 4199 865 4299 aequalia
883 4202 1009 4278 F&G
1027 4199 1065 4275 in
1085 4228 1112 4277 at
1138 4197 1301 4275 uilibtio.
1321 4196 1474 4300 (figu)
1517 4225 1583 4312 pig,
1602 4246 1633 4305 4

60 4314 64 4323 '
206 4301 379 4378 Proxime
390 4302 536 4375 dilateris
545 4305 778 4372 curvaturam
788 4297 897 4402 dabo.
915 4228 1159 4402 Deprehendo
1177 4298 1235 4371 ltic
1253 4323 1341 4373 vero
1357 4298 1476 4399 (quod

159 4400 197 4477 in
216 4401 431 4479 antecelsum
458 4425 605 4476 monere
621 4397 753 4489 lubet)
777 4424 854 4473 retn
872 4396 954 4473 satis
973 4397 1270 4474 memorabilem.
1299 4401 1351 4471 Ut
1378 4398 1477 4473 enim

46 4559 48 4568 ,
159 4501 311 4578 linteum
328 4527 441 4578 vento
459 4499 638 4576 tumidum
655 4499 907 4591 funiculariae,
933 4499 979 4573 fic
997 4498 1092 4571 idem
1119 4496 1163 4570 ab
1181 4496 1418 4573 incumbentia
1436 4497 1479 4573 li·

46 4663 48 4701 L
162 4604 281 4703 quonia
298 4604 455 4707 pondere
471 4598 662 4704 expansum
675 4598 758 4691 flexi
774 4600 926 4676 Elatert's
941 4617 1175 4678 curvaturam
1193 4593 1332 4675 induit.
1420 4697 1422 4702 Ι

1360 4796 1434 4875 tt-
