3784 5459
489 238 710 416 194.t
881 263 1273 367 ACTA

251 495 412 570 annue.
433 488 563 581 versa,
590 505 670 559 curn
700 479 810 584 pisces
836 475 952 554 rarius
978 475 1017 551 in
1042 468 1229 576 superficie
1256 492 1354 569 aqua
1378 464 1518 582 summa
1555 490 1683 548 natare
1712 473 1772 551 so·

249 577 413 652 An.1689·
434 594 552 681 leant,
579 585 724 675 euidens
737 581 806 675 est,
832 578 896 654 hos
913 575 1069 692 parciori
1096 597 1248 649 numero
1265 566 1454 659 deveblum
1482 568 1528 643 rri
1547 570 1770 686 instagnurn

249 658 297 727 Μ·
319 658 393 724 D‘s'·
437 698 489 783 Ε,
516 715 597 764 cum
621 687 665 761 ad
692 683 761 761 hoc
779 707 854 757 non
882 678 950 753 alra
968 674 1047 777 ipsu
1065 674 1125 748 via
1143 694 1282 773 pateat,
1311 693 1419 771 quam
1448 695 1511 772 per
1533 669 1675 749 dilium
1706 702 1768 754 ca-

430 796 548 869 nalem
565 792 625 875 X3
651 784 710 859 sed
736 811 757 859 e
783 777 969 856 contrario
995 774 1040 850 ad
1057 772 1219 873 stagnum
1246 776 1283 845 D
1310 796 1384 843 non
1402 769 1513 845 modo
1538 772 1678 851 aditum
1707 802 1766 853 re·

433 892 576 996 periunt
604 912 667 989 per
684 883 833 959 dublum
851 883 914 970 W,
941 874 1190 952 verumetiam
1219 871 1402 972 perusium
1430 874 1592 949 canalem
1610 903 1649 968 c,
1676 902 1765 977 pro·

429 1021 478 1098 pe
503 988 654 1065 fundunt
671 981 784 1087 stagni
800 984 868 1053 BB
889 976 1087 1067 insertum,
1114 972 1332 1077 piscibusque
1344 970 1578 1073 profundiora
1604 977 1763 1076 utpluri-

252 1103 323 1187 Pap
343 1105 414 1181 643·
430 1118 537 1181 ¹mum
562 1091 649 1165 loca,
669 1081 872 1188 petentibus
895 1076 1034 1152 facilius
1061 1074 1248 1177 pervium3
1273 1095 1495 1249 puapropter
1521 1075 1560 1151 in
1589 1079 1686 1150 Vellei
1713 1084 1762 1149 0-

255 1174 260 1188 *
431 1193 532 1269 berch
559 1185 765 1287 majorem,
790 1204 898 1284 quarn
927 1177 965 1253 in
991 1179 1247 1268 Urajnajamna
1326 1176 1519 1276 Seleadulre
1546 1177 1695 1279 piscium
1722 1206 1762 1258 a·

432 1288 667 1370 bundanriam
694 1279 850 1360 crullari
876 1279 1053 1356 necessum
1080 1275 1148 1353 eli.

481 1396 547 1469 XI.
574 1395 649 1464 Cur
670 1384 744 1485 pasl
767 1382 930 1458 rnadiram
948 1405 1081 1478 quoque
1100 1377 1260 1476 pluviam
1281 1375 1451 1470 foramina
1467 1383 1587 1459 Koteu
1604 1382 1640 1456 de
1658 1380 1757 1461 Zess·

431 1497 556 1583 leuzo,
582 1489 734 1586 alioquin
743 1485 857 1575 ficta,
884 1484 988 1556 muln
1005 1479 1138 1555 diutius
1155 1479 1266 1559 undas
1281 1506 1432 1553 evomere
1455 1500 1630 1578 pergant,
1654 1511 1759 1583 quana

430 1596 557 1669 aarum
573 1590 686 1665 Vellei
695 1583 862 1672 Obercha
881 1603 993 1680 utpote
1009 1608 1082 1680 que
1098 1608 1173 1655 mou
1188 1582 1292 1655 imbre
1307 1578 1475 1666 destnenre
1488 1579 1757 1682 dipsonendas,

427 1697 532 1795 solito
544 1695 607 1790 suu
623 1687 670 1762 (9⁶
681 1686 821 1788 perenni
829 1685 960 1776 fluenta
975 1684 1257 1773 abundantiores,
1279 1682 1459 1780 prodigere
1476 1683 1605 1776 cessat?
1629 1685 1757 1762 Ratio·

433 1820 520 1871 nem
537 1787 642 1890 hujus
668 1784 892 1893 phanomeni
915 1784 1043 1889 quaerit
1062 1782 1207 1859 Auliou
1231 1781 1270 1857 in
1296 1780 1435 1859 diversa
1461 1780 1689 1886 dispositione
1714 1785 1758 1861 fl·

433 1893 598 1998 phorum
621 1918 654 1967 n,
670 1916 724 1965 rr.
750 1890 788 1963 dt
813 1916 846 1963 rr.
868 1914 923 1983 ¹3·
947 1884 1107 1988 eoquod
1131 1908 1260 1985 nempe
1286 1881 1381 1958 hunc
1408 1881 1630 1987 citius,aqua
1655 1884 1758 1964 desti·

433 2016 546 2084 tuat,
598 2017 681 2065 uam
706 1989 842 2075 illum;
876 1988 966 2062 dum
989 1984 1020 2061 is
1045 2010 1156 2086 prope
1190 2009 1226 2057 n.
1246 2009 1300 2058 ro.
1338 1980 1521 2060 orificium
1545 1987 1757 2065 notabiliter

432 2017 644 2197 profundius
663 2086 845 2178 demittit,
897 2110 979 2161 uam
1004 2083 1152 2186 quidem
1178 2081 1238 2157 hic
1264 2111 1296 2162 n.
1315 2108 1389 2178 17,
1425 2085 1519 2164 unde
1543 2112 1616 2163 noa
1642 2087 1754 2191 podir

431 2218 508 2269 non
534 2186 832 2289 ibiprofluvium
850 2111 917 2260 esse
934 2183 1159 2260 diuturnius.
1271 2220 1280 2261 ·.

481 2291 567 2366 XII.
593 2289 690 2363 Unde
699 2286 789 2378 fiat,
815 2287 908 2385 quad
921 2284 1256 2373 lucuscirlenicenfir
1280 2288 1462 2385 quotannis
1487 2289 1689 2386 regulariter
1705 2291 1756 2383 sr-

428 2391 499 2469 rnel
520 2387 565 2459 θ’
583 2384 785 2484 quandoque
803 2386 886 2483 bis,
912 2387 978 2460 ime
1002 2408 1056 2458 ter
1071 2411 1285 2485 nonnunqum
1310 2410 1524 2477 warnerum
1552 2388 1599 2460 (l
1616 2388 1757 2480 vierffiru

431 2489 619 2588 aliquando
644 2488 698 2561 bis
721 2488 782 2559 vel
795 2507 867 2579 ter,
893 2486 977 2583 quin
1005 2483 1051 2558 Θ
1066 2508 1187 2585 quater
1212 2490 1249 2561 in
1261 2488 1474 2586 plenitudine
1491 2493 1559 2586 sua
1575 2492 1756 2588 conspiciat·

428 2613 514 2682 tur,
539 2588 728 2662 audentem
745 2588 865 2678 tertia,
892 2607 1043 2683 quarta,
1069 2609 1133 2660 aut
1149 2589 1267 2686 quinte
1294 2591 1395 2663 eriar'n
1417 2615 1499 2664 anna
1517 2589 1694 2679 deficiat;
1718 2609 1757 2663 ar

429 2719 453 2765 e
474 2690 611 2786 diverse
626 2713 800 2787 nunquan
812 2708 877 2787 prr
890 2689 1058 2786 integrum
1073 2691 1156 2762 anni
1160 2689 1312 2787 spatium
1321 2688 1429 2778 steens
1443 2701 1602 2763 maneae?
1628 2692 1760 2789 Impu-

433 2812 534 2865 tatur
550 2788 620 2862 hoc
636 2787 796 2864 varianti
813 2812 992 2864 annorum
1010 2789 1219 2891 temperiei,
1245 2814 1354 2892 prout
1369 2812 1410 2866 ea
1422 2789 1483 2865 vel
1495 2790 1539 2865 ed
1556 2788 1755 2865 ueritatem

431 2888 493 2964 vel
519 2887 564 2964 ad
580 2887 842 2965 humiditatem
861 2889 975 2991 magis
992 2888 1171 2966 inclinet.
1195 2890 1254 2967 Sic
1273 2890 1413 2968 diutina
1438 2892 1535 2967 lacus
1561 2889 1715 2991 plenitur
1740 2941 1753 2980 ‚

429 2987 536 3065 uerbi
553 2989 672 3089 gratia
687 2989 731 3066 de
757 2988 863 3067 endet
890 2989 934 3066 ab
952 2989 1126 3066 imbribus
1142 2991 1328 3067 multoties
1346 3018 1410 3094 per
1426 3016 1560 3069 annum
1572 3017 1609 3066 re
1655 2988 1753 3080 titis,

431 3088 498 3191 qui
514 3087 694 3165 canalibus
721 3016 1012 3167 §infundibulis
1036 3096 1078 3167 T.
1089 3097 1130 3166 T.
1140 3113 1165 3167 t.
1174 3113 1200 3167 r.
1227 3090 1360 3196 jugiter
1388 3090 1580 3167 materiam
1618 3088 1758 3191 uppedi·

432 3211 533 3265 tant.
561 3191 594 3264 E
613 3210 742 3263 eontra
767 3189 882 3264 hiems
909 3188 1036 3265 siccior
1051 3190 1169 3267 lacum
1189 3191 1351 3293 reperiris
1375 3192 1516 3267 vicibus
1531 3189 1680 3270 deficere
1697 3214 1755 3262 co·

432 3288 511 3392 git,
537 3288 623 3365 dum
650 3285 774 3389 inopia
799 3288 896 3364 nivis
922 3313 984 3366 aut
1003 3290 1131 3394 pluvia
1157 3292 1252 3369 tubis
1278 3291 1352 3368 istis
1378 3299 1420 3368 T.
1432 3299 1473 3368 Τ.
1483 3312 1508 3368 t.
1518 3313 1545 3366 t.
1572 3315 1692 3394 parum
1701 3287 1756 3362 ni·

432 3388 503 3464 mis
528 3385 787 3464 subministrat.
815 3390 928 3483 Quod
953 3417 1043 3468 vero
1069 3419 1253 3495 nunquam
1281 3419 1345 3496 per
1361 3415 1483 3469 totum
1508 3387 1756 3469 annuenlictua

430 3490 609 3592 perduret
634 3485 711 3587 ejus
737 3489 883 3582 alveus,
909 3489 994 3567 inde
1019 3491 1101 3568 fieri
1127 3493 1359 3594 perhibetur,
1385 3493 1483 3597 quod
1509 3519 1625 3569 annus
1648 3489 1755 3565 eriam

432 3590 573 3665 aridior
602 3588 830 3665 nihilosecius
856 3612 998 3670 tantum
1027 3618 1125 3708 aquae
1153 3620 1215 3694 per
1231 3594 1348 3672 diuos
1375 3595 1501 3672 dubius
1527 3591 1674 3668 instillet
1690 3588 1754 3664 lla·

431 3713 506 3790 gno
523 3692 618 3779 BB,
645 3710 686 3763 ut
711 3687 908 3794 hocusque
934 3693 978 3769 ad
1007 3691 1236 3769 altrtudinem
1263 3723 1296 3770 n.
1319 3721 1373 3770 12.
1400 3695 1663 3796 adimpletum,
1686 3714 1756 3790 ope

432 3787 560 3889 magni
587 3785 682 3861 illius
709 3785 864 3889 sphonis
890 3794 932 3862 Κ
959 3817 1154 3868 exonerare
1179 3794 1291 3873 semet
1318 3796 1437 3871 ualeat
1464 3821 1529 3898 per
1554 3790 1758 3881 inferiora,

432 3909 542 3990 atque
553 3884 614 3962 rie
640 3885 758 3967 lacum
774 3888 994 3971 sufficienter
1011 3891 1158 3987 saltem,
1185 3894 1211 3971 sr
1229 3923 1305 3973 non
1322 3896 1546 3973 abundanter
1560 3890 1753 3969 instruere:

429 4012 508 4090 quo
532 3985 572 4062 in
598 3983 678 4063 casu
705 4010 827 4069 tamea
853 3991 1008 4092 ejusdem
1034 3992 1227 4071 inundatio
1253 4023 1328 4074 non
1357 3996 1410 4072 ira
1435 3994 1556 4071 subito
1580 3994 1677 4068 intra
1699 3997 1755 4063 18.

427 4087 491 4163 vel
509 4113 564 4180 24.
579 4085 707 4182 horas,
734 4114 775 4167 ut
802 4091 908 4185 alias,
935 4091 1143 4197 perficitur,
1168 4095 1227 4173 sed
1244 4098 1331 4177 ono
1348 4098 1494 4174 demum
1509 4116 1757 4198 autquatuor·

430 4187 548 4264 decim
574 4188 696 4265 diebus
712 4191 832 4269 alveus
847 4193 978 4294 repleri
995 4195 1103 4275 solet.

478 4291 589 4365 XIII.
615 4294 732 4382 Quare
756 4313 829 4366 tum
844 4296 945 4368 etiam
970 4324 1047 4371 curn
1071 4297 1247 4400 tempestas
1270 4301 1333 4373 diu
1352 4303 1473 4399 perenn
1491 4299 1567 4393 fuir
1593 4295 1639 4368 Θ·
1665 4296 1761 4368 latus

424 4414 564 4464 vacuus
587 4416 629 4463 ac
645 4389 761 4478 stetur
780 4393 900 4484 jarer,
925 4397 1138 4494 nihilosecius
1157 4399 1233 4499 past
1258 4403 1422 4475 medicam
1444 4402 1607 4500 pluviam
1625 4399 1762 4496 serem

429 4489 543 4564 Velki
561 4487 731 4584 Oberclr,
757 4490 965 4595 Zesslenea,
993 4500 1167 4575 Tressenz
1193 4499 1239 4570 θ
1256 4508 1376 4577 Koteu
1403 4528 1479 4576 nex
1493 4502 1608 4575 undar
1615 4500 1681 4598 sat
1696 4500 1765 4571 ler-

424 4612 493 4702 gas
506 4588 653 4701 erudierit
668 4604 690 4666 ?
713 4595 803 4671 Non
822 4593 911 4670 adeo
926 4593 1086 4675 ⁴obscura
1112 4599 1217 4702 hujus
1236 4602 1289 4678 rei
1309 4601 1405 4679 ratio
1432 4601 1467 4676 ei
1493 4598 1634 4717 poterit
1663 4599 1766 4678 vide·

430 4714 485 4780 rr,
509 4712 574 4789 qur
595 4688 766 4773 hellenus
792 4695 949 4800 exposrra
973 4698 1141 4779 nonnihil
1157 4704 1354 4806 expendit.
1390 4706 1543 4780 Etenim
1569 4700 1662 4777 licet
1692 4725 1768 4776 rna-

1611 4827 1714 4902 gnus
