3784 5459
506 266 613 398 404
897 256 1290 369 Acuti

245 466 410 539 Amud-
428 475 534 578 Resp.
562 413 719 569 anto
734 469 953 548 satisfaciunt
969 468 1127 572 expolita
1144 467 1292 566 Cyclois
1309 469 1430 546 BGC
1439 522 1451 561 ,
1476 446 1514 542 bt
1540 466 1642 543 radio
1668 473 1741 566 Ao

246 553 412 701 ffljffi‘
430 575 623 678 descriptus
638 577 756 652 TKM
774 573 926 647 circulus
942 597 954 658 3
982 570 1136 646 inillam
1153 570 1251 645 enim
1276 569 1303 643 u
1320 569 1434 645 radiet
1453 568 1624 670 punstum
1640 573 1687 660 B,
1700 572 1733 644 in

428 677 522 754 bunc
538 674 711 852 punilum
726 670 868 747 infinite
886 669 1015 745 distans
1043 695 1105 771 per
1122 669 1239 745 radios
1255 668 1358 745 recia
1376 671 1453 745 BT
1470 668 1670 767 parallelos,
1686 695 1731 744 ra·

430 776 482 853 dii
499 804 537 852 re
564 775 621 849 exi
648 771 838 888 utrobique
863 769 1012 845 eandem
1038 767 1224 846 causticam
1253 769 1463 867 Tsebirnberr
1477 793 1592 843 renate
1617 772 1733 848 BPKR

275 949 279 958 Α
428 876 676 1075 ὣῖῗῗεῖυὲτῑςὲ)
692 975 832 1047 Curras
847 970 1069 1062 deteximus,
1092 971 1258 1067 Spirelem
1274 969 1587 1068 logeriehmieam,
1608 969 1728 1065 Cyelee'·
1848 921 1849 982 l

428 1078 505 1149 dem
518 1076 717 1170 uulgarem,
742 1069 786 1143 (9'
797 1071 993 1169 Cyeleideet
1009 1068 1150 1158 nestram
1169 1095 1214 1144 etr
1229 1068 1355 1144 circuli
1371 1068 1474 1169 supet
1492 1066 1616 1169 equali
1630 1067 1728 1143 cirtu-
1848 1135 1849 1140 ,

254 1025 324 1109 lag.
342 1026 409 1104 296.

428 1175 467 1249 lo
493 1170 721 1248 revolutione
740 1192 887 1264 ortam,
914 1194 990 1344 qua
1016 1167 1148 1244 eximia
1174 1169 1270 1242 inter
1295 1168 1330 1241 se
1357 1166 1534 1243 affinitate
1562 1165 1733 1268 gaudent,

419 1267 583 1373 'duasque
602 1268 837 1372 proprietates
861 1270 919 1344 val
945 1269 1156 1344 enotabiles
1183 1292 1390 1343 communes
1408 1266 1570 1341 habent:
1601 1291 1669 1339 una
1693 1263 1735 1339 eu

457 1370 527 1446 uod
543 1369 757 1484 lingularum
773 1368 981 1442 evolutione
997 1369 1126 1445 eadem
1144 1392 1261 1443 curvae
1287 1365 1530 1443 describantur
1556 1373 1652 1466 (qua
1670 1364 1738 1465 qui·

248 1533 253 1544 .
375 1528 379 1534 ι
473 1496 510 1546 m
532 1493 641 1543 etrrtn
661 1466 800 1572 reliqua
818 1466 994 1562 cycloides
1011 1465 1204 1567 conspicua
1220 1465 1353 1558 sunt‚)
1378 1466 1491 1539 altem
1518 1464 1615 1566 quod
1634 1463 1739 1564 fingu-

427 1570 544 1646 larum
561 1564 734 1644 caustica
750 1591 891 1678 quoque
906 1565 1037 1641 eaedem
1054 1590 1171 1640 curva
1190 1564 1256 1639 lint
1277 1597 1286 1639 ε
1315 1589 1522 1666 quanquam
1539 1565 1576 1636 dr
1598 1562 1655 1637 bic
1676 1588 1741 1636 non
1812 1578 1815 1584 '

429 1668 511 1742 leve
526 1664 714 1744 discrimen
732 1663 1051 1740 animadvertimus
1071 1718 1083 1756 ,
1108 1664 1205 1764 quod
1222 1664 1332 1757 facit,
1358 1687 1399 1737 ut
1418 1689 1459 1738 er
1485 1688 1565 1764 qnae
1591 1687 1742 1737 commu·

437 1762 666 1856 eishabent,
692 1761 926 1863 singularitati
935 1765 1038 1861 spire
1053 1764 1221 1836 mirabilis
1237 1762 1328 1838 nihil
1345 1763 1538 1878 derogent.
1566 1765 1663 1837 Nam
1680 1761 1742 1862 pri·

431 1887 500 1939 -rno
525 1888 599 1937 non
615 1885 756 1940 trntunr
774 1862 933 1938 Evnluta
951 1864 987 1935 ὅ(
1002 1862 1168 1938 Caullica
1185 1863 1293 1964 Spitae
1313 1863 1507 1954 mirabilis,
1534 1860 1595 1935 led
1612 1863 1743 1935 &Ant-

436 1962 596 2038 Evoluta
614 2013 626 2052 ,
653 1958 954 2052 Anti-Caustica,
980 1960 1241 2037 Peri-caustica
1258 1964 1324 2035 &n
1352 1962 1476 2038 eadem
1493 1964 1618 2036 Curva
1640 1959 1741 2050 lunt,

365 2115 368 2122 .
435 2086 512 2162 quae
532 2060 569 2133 in
589 2058 723 2144 ceteris
738 2057 812 2135 fere
828 2059 975 2135 diversae
991 2060 1164 2137 existunt.
1193 2061 1369 2153 Deinde,
1395 2062 1433 2136 in
1452 2061 1659 2138 evolutione
1671 2060 1743 2158 Spi-

434 2185 483 2234 rae
501 2157 673 2238 mirabilis
700 2181 816 2257 partes
833 2185 948 2233 curvae
975 2160 1106 2234 eodem
1126 2160 1252 2234 ordine
1270 2160 1539 2250 describuntur,
1565 2185 1640 2260 quo
1655 2160 1744 2232 evol·

435 2280 592 2348 turtur,
610 2258 648 2331 in
665 2257 873 2332 evolutione
889 2258 1108 2351 Cycloidum
1125 2259 1288 2333 omnium
1306 2257 1474 2334 inverso.
1503 2258 1659 2348 Tertio,
1675 2256 1746 2355 Spi-

435 2379 477 2431 ra
494 2355 665 2429 mirabilis
680 2355 827 2430 eandem
843 2383 976 2430 numero
993 2358 1028 2431 &
1046 2357 1243 2432 Evolutam
1262 2358 1366 2431 habet
1384 2359 1422 2432 8<
1436 2356 1661 2442 Caullicam3
1680 2361 1749 2450 Cy·

431 2454 526 2540 ‚elois
543 2453 697 2554 vulgetis
713 2456 860 2530 eandem
887 2455 1032 2555 quidem
1058 2479 1192 2530 numera
1218 2458 1442 2548 Evolutam,
1466 2456 1526 2532 sed
1541 2455 1746 2531 Caullicam

436 2551 586 2627 similem
606 2573 747 2628 tantum
773 2552 831 2627 seu
851 2557 963 2651 specie
987 2554 1156 2642 eandem3
1185 2554 1301 2630 nostra
1319 2582 1404 2632 veto
1422 2556 1565 2649 Cyclois
1592 2553 1745 2627 ssmilem

431 2648 497 2723 len
516 2652 628 2746 specie
653 2651 801 2725 eandem
819 2654 1046 2746 Evolutarn,
1073 2677 1110 2730 at
1126 2654 1328 2730 diffimilem
1355 2682 1391 2731 at
1411 2681 1527 2753 genere
1554 2653 1750 2729 dumtaxat

432 2749 585 2822 ‚eandem
603 2748 824 2825 Caullictm.
850 2752 1049 2864 Colligitur
1069 2752 1173 2845 hinc,
1200 2754 1395 2858 livulgaris
1408 2753 1592 2847 Cycloidis
1608 2751 1754 2827 Caulli·

437 2869 506 2937 cae,
535 2845 635 2922 fimul
652 2871 691 2921 ac
709 2848 921 2943 nuscuntur,
948 2853 1078 2951 lpeculi
1096 2853 1354 2929 confistentiam
1382 2852 1562 2955 acquirere
1592 2853 1751 2952 pollent,

431 2944 481 3030 ad
497 2944 743 3043 excipiendum
759 2948 794 3022 8<
811 2947 1141 3028 refleuendumeos
1157 2952 1252 3054 ipsos
1270 2954 1388 3029 radios
1402 2979 1448 3025 ex
1465 2948 1612 3026 infinita
1628 2949 1750 3025 distan-

430 3045 489 3134 ¹tia
509 3043 705 3144 profestos,
732 3049 895 3160 equibus
914 3075 1025 3126 enatae
1041 3051 1182 3126 fuerent
1200 3107 1210 3144 ,
1236 3052 1314 3132 fore
1340 3075 1381 3126 ut
1399 3052 1477 3126 alia
1494 3075 1599 3126 novae
1613 3050 1747 3124 oriren-

428 3166 501 3230 ,rur
518 3138 714 3236 Cyclqides
735 3148 911 3244 prioribus
927 3147 1103 3228 continuo
1120 3151 1277 3226 minores
1304 3152 1552 3252 minoresque,
1577 3175 1619 3223 eo
1637 3147 1743 3223 modo
1851 3147 1852 3192 ³

436 3241 697 3412 quem-Figura
715 3247 772 3320 ΙΙΙ
800 3269 899 3352 parte
916 3247 1040 3320 dextra
1058 3249 1189 3326 refert:
1218 3275 1297 3325 curn
1317 3250 1563 3351 contraSpirae
1579 3248 1749 3323 mirabilis

472 3337 602 3412 austrea
628 3364 666 3411 ut
693 3341 871 3440 speculum
900 3369 1068 3438 mutata,
1095 3351 1131 3421 dt
1160 3349 1276 3425 radlos
1303 3375 1347 3423 ex
1365 3349 1555 3428 communi
1583 3347 1750 3422 umbilico

433 3458 641 3549 emanantes
659 3441 917 3538 repercutiens,
944 3445 1050 3520 aliem
1070 3473 1139 3522 non
1160 3447 1336 3528 minorem
1363 3447 1421 3524 sed
1439 3448 1636 3525 identicam
1656 3473 1747 3548 pror·

429 3535 497 3648 rsus·
517 3537 876 3650 Spu-amptoducat.
903 3545 1220 3635 Quemadmodum
1236 3548 1357 3648 itaque
1386 3574 1448 3648 per
1477 3546 1746 3648 produdlionem

430 3636 718 3748 spere-merabelrs
733 3639 1101 3746 communicationem
1118 3645 1271 3722 essentia
1288 3647 1419 3721 divinae
1436 3650 1485 3720 ad
1500 3649 1617 3739 intra,
1635 3656 1695 3736 (nt
1709 3646 1746 3719 in

435 3730 572 3842 Schqlrs
598 3732 863 3849 loqutoamant)
888 3765 958 3841 qua
979 3744 1078 3826 Deus
1094 3743 1208 3821 Filius
1237 3750 1341 3824 Patre
1359 3771 1434 3820 non
1453 3746 1598 3838 minor,
1621 3744 1675 3820 sed
1699 3772 1742 3818 a·

433 3830 561 3932 qualis.
573 3857 617 3905 ex
641 3857 770 3912 intima
788 3838 902 3927 larris
919 3841 1064 3919 essentia
1092 3844 1304 3922 &Deitatis
1325 3844 1427 3946 ,quali
1454 3845 1624 3924 umbilico
1639 3842 1742 3918 nasci·

427 3955 516 4024 ¹tur,
541 3925 648 4004 &ab'
656 3956 809 4033 utroque
834 3938 908 4011 exit
934 3940 1087 4036 Spiritus
1102 3946 1136 4015 S.
1167 3944 1309 4045 utrique
1327 3971 1416 4045 par,
1445 3971 1520 4019 non
1540 3944 1748 4019 inconcione

436 4029 638 4104 adumbrati
665 4036 923 4142 superpartim
942 4036 1125 4114 diximus:
1153 4042 1207 4128 ita
1226 4068 1334 4116 nunc·
1348 4043 1562 4119 continuata
1589 4042 1746 4156 analogia

427 4128 803 4224 'communicationem
817 4132 986 4233 imaginis
1003 4135 1132 4213 divine
1147 4140 1208 4212 'ad
1222 4163 1337 4232 extra,
1364 4168 1433 4313 qua
1452 4146 1613 4222 Creator
1640 4168 1685 4220 ex
1701 4167 1751 4215 rn-

437 4213 654 4337 finitonfquafi
672 4226 884 4321 intervallo,
909 4239 925 4319 (
943 4255 1017 4331 quo
1034 4259 1054 4310 a
1071 4238 1257 4312 Creaturis
1272 4239 1342 4320 suis
1392 4238 1502 4330 istac)
1530 4242 1612 4341 iplis
1640 4241 1754 4317 radios

437 4322 637 4396 divinitatis
655 4322 839 4424 impertit,
866 4351 910 4402 eo
928 4353 1014 4403 veto
1032 4331 1321 4433 irnperfebliotes¹
1334 4339 1586 4440 minoresque,
1600 4367 1679 4522 quo
1692 4341 1756 4418 rni-

437 4444 503 4512 nus
529 4419 734 4518 immediate
757 4425 803 4500 ad
830 4449 895 4530 nos
922 4432 1154 4526 emanarint,
1188 4461 1249 4533 per
1276 4441 1453 4534 cycloidr's
1480 4442 1599 4540 produ

437 4543 512 4594 non
538 4516 654 4595 minus
679 4545 760 4622 apte
789 4526 1027 4626 representari
1045 4532 1140 4632 polle
1167 4533 1404 4615 arbitramur.
1639 4465 1760 4524 mm

1401 4719 1407 4732 ’
1526 4744 1714 4820 uero.
