<?xml version="1.0" encoding="UTF-8"?>
<!DOCTYPE html PUBLIC "-//W3C//DTD XHTML 1.0 Transitional//EN"
    "http://www.w3.org/TR/xhtml1/DTD/xhtml1-transitional.dtd">
<html xmlns="http://www.w3.org/1999/xhtml" xml:lang="en" lang="en">
 <head>
  <title>
</title>
<meta http-equiv="Content-Type" content="text/html;charset=utf-8" />
  <meta name='ocr-system' content='tesseract 3.04.00' />
  <meta name='ocr-capabilities' content='ocr_page ocr_carea ocr_par ocr_line ocrx_word'/>
</head>
<body>
  <div class='ocr_page' id='page_1' title='image "./opusculaomniaac00unkngoog_0131.png"; bbox 0 0 3784 5459; ppageno 0'>
   <div class='ocr_carea' id='block_1_1' title="bbox 23 582 801 665">
    <p class='ocr_par' dir='ltr' id='par_1_1' title="bbox 23 582 801 665">
     <span class='ocr_line' id='line_1_1' title="bbox 23 582 801 665; baseline -0.004 -7"><span class='ocrx_word' id='word_1_1' title='bbox 23 588 29 658; x_wconf 94' lang='lat' dir='ltr'>l</span> <span class='ocrx_word' id='word_1_2' title='bbox 146 615 200 665; x_wconf 78' lang='lat' dir='ltr'>aa</span> <span class='ocrx_word' id='word_1_3' title='bbox 226 585 327 664; x_wconf 84' lang='lat' dir='ltr'>ntntis</span> <span class='ocrx_word' id='word_1_4' title='bbox 354 584 421 660; x_wconf 85' lang='lat' dir='ltr'>bafi</span> <span class='ocrx_word' id='word_1_5' title='bbox 447 584 679 660; x_wconf 74' lang='lat' dir='ltr'>innitantur:</span> <span class='ocrx_word' id='word_1_6' title='bbox 708 582 801 659; x_wconf 89' lang='lat' dir='ltr'>unde</span> 
     </span>
    </p>
   </div>
   <div class='ocr_carea' id='block_1_2' title="bbox 462 264 1377 400">
    <p class='ocr_par' dir='ltr' id='par_1_2' title="bbox 462 264 1377 400">
     <span class='ocr_line' id='line_1_2' title="bbox 462 264 1377 400; baseline -0.007 -29"><span class='ocrx_word' id='word_1_7' title='bbox 462 264 1141 371; x_wconf 66' lang='lat' dir='ltr'>Eauotrouum.</span> <span class='ocrx_word' id='word_1_8' title='bbox 1292 298 1377 400; x_wconf 69' lang='grc' dir='ltr'>1η</span> 
     </span>
    </p>
   </div>
   <div class='ocr_carea' id='block_1_3' title="bbox 23 475 1646 799">
    <p class='ocr_par' dir='ltr' id='par_1_3' title="bbox 23 475 1646 799">
     <span class='ocr_line' id='line_1_3' title="bbox 23 475 1646 654; baseline -0.001 -97"><span class='ocrx_word' id='word_1_9' title='bbox 23 486 30 557; x_wconf 83' lang='lat' dir='ltr'>i</span> <span class='ocrx_word' id='word_1_10' title='bbox 150 485 293 591; x_wconf 76' lang='lat' dir='ltr'>vulgari</span> <span class='ocrx_word' id='word_1_11' title='bbox 319 480 489 560; x_wconf 79' lang='lat' dir='ltr'>methodo</span> <span class='ocrx_word' id='word_1_12' title='bbox 516 509 560 558; x_wconf 80' lang='lat' dir='ltr'>ex</span> <span class='ocrx_word' id='word_1_13' title='bbox 587 509 631 557; x_wconf 89' lang='lat' dir='ltr'>co</span> <span class='ocrx_word' id='word_1_14' title='bbox 648 480 777 585; x_wconf 91' lang='lat' dir='ltr'>pendet</span> <span class='ocrx_word' id='word_1_15' title='bbox 786 512 803 572; x_wconf 90' lang='lat'>‚·</span> <span class='ocrx_word' id='word_1_16' title='bbox 820 476 919 654; x_wconf 63' lang='lat' dir='ltr'>good</span> <span class='ocrx_word' id='word_1_17' title='bbox 938 475 1215 592; x_wconf 76' lang='lat' dir='ltr'>comprimenda</span> <span class='ocrx_word' id='word_1_18' title='bbox 1242 476 1398 561; x_wconf 83' lang='lat' dir='ltr'>materia</span> <span class='ocrx_word' id='word_1_19' title='bbox 1415 475 1464 553; x_wconf 81' lang='lat' dir='ltr'>la·</span> <span class='ocrx_word' id='word_1_20' title='bbox 1484 484 1646 556; x_wconf 67' lang='lat' dir='ltr'>Aillirudt</span> 
     </span>
     <span class='ocr_line' id='line_1_4' title="bbox 254 573 1646 680; baseline -0.013 -18"><span class='ocrx_word' id='word_1_21' title='bbox 254 587 262 603; x_wconf 83' lang='grc'>’</span> <span class='ocrx_word' id='word_1_22' title='bbox 846 603 885 672; x_wconf 89' lang='lat' dir='ltr'>t,</span> <span class='ocrx_word' id='word_1_23' title='bbox 912 603 952 652; x_wconf 90' lang='lat' dir='ltr'>ut</span> <span class='ocrx_word' id='word_1_24' title='bbox 979 599 1141 679; x_wconf 78' lang='lat' dir='ltr'>potentia</span> <span class='ocrx_word' id='word_1_25' title='bbox 1167 603 1331 680; x_wconf 85' lang='lat' dir='ltr'>premens</span> <span class='ocrx_word' id='word_1_26' title='bbox 1357 579 1463 680; x_wconf 89' lang='lat' dir='ltr'>aplu·</span> <span class='ocrx_word' id='word_1_27' title='bbox 1482 573 1646 644; x_wconf 77' lang='lat' dir='ltr'>An.1689.</span> 
     </span>
     <span class='ocr_line' id='line_1_5' title="bbox 23 652 1629 799; baseline -0.012 -29"><span class='ocrx_word' id='word_1_28' title='bbox 23 711 27 757; x_wconf 76' lang='lat' dir='ltr'>l</span> <span class='ocrx_word' id='word_1_29' title='bbox 150 688 246 768; x_wconf 76' lang='lat' dir='ltr'>tibur</span> <span class='ocrx_word' id='word_1_30' title='bbox 270 684 354 762; x_wconf 79' lang='lat' dir='ltr'>bafia</span> <span class='ocrx_word' id='word_1_31' title='bbox 381 685 540 799; x_wconf 72' lang='lat' dir='ltr'>partibus</span> <span class='ocrx_word' id='word_1_32' title='bbox 566 682 780 770; x_wconf 81' lang='lat' dir='ltr'>sustentata,</span> <span class='ocrx_word' id='word_1_33' title='bbox 807 679 984 751; x_wconf 83' lang='lat' dir='ltr'>minorem</span> <span class='ocrx_word' id='word_1_34' title='bbox 1001 677 1038 751; x_wconf 94' lang='lat' dir='ltr'>in</span> <span class='ocrx_word' id='word_1_35' title='bbox 1055 678 1205 780; x_wconf 79' lang='lat' dir='ltr'>lingulas</span> <span class='ocrx_word' id='word_1_36' title='bbox 1223 678 1300 752; x_wconf 90' lang='lat' dir='ltr'>vim</span> <span class='ocrx_word' id='word_1_37' title='bbox 1318 704 1463 755; x_wconf 82' lang='lat' dir='ltr'>exerere</span> <span class='ocrx_word' id='word_1_38' title='bbox 1482 652 1629 717; x_wconf 43' lang='grc' dir='ltr'>ΜΕΝ·</span> 
     </span>
    </p>
   </div>
   <div class='ocr_carea' id='block_1_4' title="bbox 23 776 1642 4197">
    <p class='ocr_par' dir='ltr' id='par_1_4' title="bbox 23 776 1462 993">
     <span class='ocr_line' id='line_1_6' title="bbox 23 776 1462 890; baseline -0.005 -28"><span class='ocrx_word' id='word_1_39' title='bbox 23 828 26 845; x_wconf 84' lang='grc'><em>·</em></span> <span class='ocrx_word' id='word_1_40' title='bbox 149 811 276 890; x_wconf 82' lang='lat' dir='ltr'>queat.</span> <span class='ocrx_word' id='word_1_41' title='bbox 304 785 378 861; x_wconf 81' lang='lat' dir='ltr'>His</span> <span class='ocrx_word' id='word_1_42' title='bbox 394 785 509 888; x_wconf 74' lang='lat' dir='ltr'>igitur</span> <span class='ocrx_word' id='word_1_43' title='bbox 535 780 778 857; x_wconf 82' lang='lat' dir='ltr'>incommodis</span> <span class='ocrx_word' id='word_1_44' title='bbox 805 777 999 852; x_wconf 90' lang='lat' dir='ltr'>remedium</span> <span class='ocrx_word' id='word_1_45' title='bbox 1018 802 1057 851; x_wconf 88' lang='lat' dir='ltr'>ut</span> <span class='ocrx_word' id='word_1_46' title='bbox 1074 777 1228 871; x_wconf 85' lang='lat' dir='ltr'>ferrem,</span> <span class='ocrx_word' id='word_1_47' title='bbox 1254 776 1462 879; x_wconf 84' lang='lat' dir='ltr'>sequentem</span> 
     </span>
     <span class='ocr_line' id='line_1_7' title="bbox 144 866 1462 993; baseline -0.008 -30"><span class='ocrx_word' id='word_1_48' title='bbox 144 866 351 963; x_wconf 78' lang='lat' dir='ltr'>machinam</span> <span class='ocrx_word' id='word_1_49' title='bbox 379 883 654 966; x_wconf 86' lang='lat' dir='ltr'>construendam</span> <span class='ocrx_word' id='word_1_50' title='bbox 664 878 785 955; x_wconf 81' lang='lat' dir='ltr'>curavi</span> <span class='ocrx_word' id='word_1_51' title='bbox 794 930 807 971; x_wconf 94' lang='lat'>,</span> <span class='ocrx_word' id='word_1_52' title='bbox 832 875 1090 980; x_wconf 80' lang='lat' dir='ltr'>succcffumque</span> <span class='ocrx_word' id='word_1_53' title='bbox 1107 877 1210 979; x_wconf 76' lang='lat' dir='ltr'>ipsius</span> <span class='ocrx_word' id='word_1_54' title='bbox 1234 876 1462 993; x_wconf 85' lang='lat' dir='ltr'>felicemsum</span> 
     </span>
    </p>

    <p class='ocr_par' dir='ltr' id='par_1_5' title="bbox 141 1010 1642 1470">
     <span class='ocr_line' id='line_1_8' title="bbox 256 1011 333 1062; baseline 0.013 -1"><span class='ocrx_word' id='word_1_55' title='bbox 256 1011 333 1062; x_wconf 82' lang='lat' dir='ltr'>tua.</span> 
     </span>
     <span class='ocr_line' id='line_1_9' title="bbox 141 1010 1642 1187; baseline -0.003 -26"><span class='ocrx_word' id='word_1_56' title='bbox 141 1010 279 1163; x_wconf 44' lang='lat' dir='ltr'>‘affl</span> <span class='ocrx_word' id='word_1_57' title='bbox 302 1084 367 1161; x_wconf 86' lang='lat' dir='ltr'>Est</span> <span class='ocrx_word' id='word_1_58' title='bbox 384 1087 511 1164; x_wconf 83' lang='lat' dir='ltr'>Tubua</span> <span class='ocrx_word' id='word_1_59' title='bbox 536 1111 599 1187; x_wconf 88' lang='lat' dir='ltr'>per</span> <span class='ocrx_word' id='word_1_60' title='bbox 615 1104 729 1159; x_wconf 87' lang='lat' dir='ltr'>totam</span> <span class='ocrx_word' id='word_1_61' title='bbox 752 1069 1020 1185; x_wconf 85' lang='lat' dir='ltr'>longitudinem</span> <span class='ocrx_word' id='word_1_62' title='bbox 1038 1079 1244 1182; x_wconf 84' lang='lat' dir='ltr'>aequabilis:</span> <span class='ocrx_word' id='word_1_63' title='bbox 1273 1079 1372 1178; x_wconf 77' lang='lat' dir='ltr'>cujus</span> <span class='ocrx_word' id='word_1_64' title='bbox 1387 1079 1461 1156; x_wconf 86' lang='lat' dir='ltr'>dia·</span> <span class='ocrx_word' id='word_1_65' title='bbox 1486 1098 1642 1176; x_wconf 58' lang='lat' dir='ltr'>TABJI,</span> 
     </span>
     <span class='ocr_line' id='line_1_10' title="bbox 147 1181 1599 1293; baseline -0.003 -29"><span class='ocrx_word' id='word_1_66' title='bbox 147 1210 269 1264; x_wconf 89' lang='lat' dir='ltr'>meter</span> <span class='ocrx_word' id='word_1_67' title='bbox 294 1186 332 1260; x_wconf 92' lang='lat' dir='ltr'>in</span> <span class='ocrx_word' id='word_1_68' title='bbox 361 1188 480 1289; x_wconf 89' lang='lat' dir='ltr'>primo</span> <span class='ocrx_word' id='word_1_69' title='bbox 505 1185 702 1262; x_wconf 80' lang='lat' dir='ltr'>tentamine</span> <span class='ocrx_word' id='word_1_70' title='bbox 730 1207 806 1259; x_wconf 89' lang='lat' dir='ltr'>etat</span> <span class='ocrx_word' id='word_1_71' title='bbox 828 1183 988 1284; x_wconf 88' lang='lat' dir='ltr'>quinque</span> <span class='ocrx_word' id='word_1_72' title='bbox 1003 1181 1227 1260; x_wconf 90' lang='lat' dir='ltr'>solummodo</span> <span class='ocrx_word' id='word_1_73' title='bbox 1243 1181 1458 1293; x_wconf 81' lang='lat' dir='ltr'>digitoruma</span> <span class='ocrx_word' id='word_1_74' title='bbox 1482 1198 1550 1281; x_wconf 78' lang='lat' dir='ltr'>Fig.</span> <span class='ocrx_word' id='word_1_75' title='bbox 1571 1217 1599 1259; x_wconf 88' lang='lat'>2.</span> 
     </span>
     <span class='ocr_line' id='line_1_11' title="bbox 148 1280 1463 1389; baseline -0.004 -26"><span class='ocrx_word' id='word_1_76' title='bbox 148 1311 276 1363; x_wconf 74' lang='lat' dir='ltr'>vetum</span> <span class='ocrx_word' id='word_1_77' title='bbox 294 1312 366 1389; x_wconf 88' lang='lat' dir='ltr'>quo</span> <span class='ocrx_word' id='word_1_78' title='bbox 384 1283 768 1389; x_wconf 68' lang='lat' dir='ltr'>ampliores‘ejusm‘odi</span> <span class='ocrx_word' id='word_1_79' title='bbox 787 1283 864 1359; x_wconf 90' lang='lat' dir='ltr'>tubi</span> <span class='ocrx_word' id='word_1_80' title='bbox 888 1283 1138 1387; x_wconf 86' lang='lat' dir='ltr'>parabuntur,</span> <span class='ocrx_word' id='word_1_81' title='bbox 1164 1307 1396 1384; x_wconf 63' lang='lat' dir='ltr'>comatorem</span> <span class='ocrx_word' id='word_1_82' title='bbox 1413 1280 1463 1358; x_wconf 84' lang='lat' dir='ltr'>ef·</span> 
     </span>
     <span class='ocr_line' id='line_1_12' title="bbox 147 1385 590 1470; baseline -0.001 -6"><span class='ocrx_word' id='word_1_83' title='bbox 147 1385 279 1465; x_wconf 72' lang='lat' dir='ltr'>sedium</span> <span class='ocrx_word' id='word_1_84' title='bbox 323 1396 513 1470; x_wconf 76' lang='lat' dir='ltr'>reducent.</span> <span class='ocrx_word' id='word_1_85' title='bbox 585 1428 590 1437; x_wconf 67' lang='grc'><strong><em>«</em></strong></span> 
     </span>
    </p>

    <p class='ocr_par' dir='ltr' id='par_1_6' title="bbox 144 1415 1470 1796">
     <span class='ocr_line' id='line_1_13' title="bbox 198 1415 1470 1600; baseline 0.001 -39"><span class='ocrx_word' id='word_1_86' title='bbox 198 1492 226 1562; x_wconf 94' lang='grc' dir='ltr'><strong>Β</strong></span> <span class='ocrx_word' id='word_1_87' title='bbox 247 1415 321 1561; x_wconf 49' lang='grc' dir='ltr'>ἘΚ</span> <span class='ocrx_word' id='word_1_88' title='bbox 336 1488 503 1590; x_wconf 80' lang='lat' dir='ltr'>pistillum</span> <span class='ocrx_word' id='word_1_89' title='bbox 523 1489 622 1569; x_wconf 70' lang='lat' dir='ltr'>dieto</span> <span class='ocrx_word' id='word_1_90' title='bbox 640 1489 730 1565; x_wconf 84' lang='lat' dir='ltr'>tubo</span> <span class='ocrx_word' id='word_1_91' title='bbox 746 1508 931 1592; x_wconf 90' lang='lat' dir='ltr'>aptatum,</span> <span class='ocrx_word' id='word_1_92' title='bbox 958 1485 1179 1562; x_wconf 80' lang='lat' dir='ltr'>&amp;foramine</span> <span class='ocrx_word' id='word_1_93' title='bbox 1192 1482 1470 1600; x_wconf 60' lang='lat' dir='ltr'>QDpetviuma,</span> 
     </span>
     <span class='ocr_line' id='line_1_14' title="bbox 144 1584 1463 1696; baseline -0.002 -33"><span class='ocrx_word' id='word_1_94' title='bbox 144 1587 309 1664; x_wconf 85' lang='lat' dir='ltr'>foramen</span> <span class='ocrx_word' id='word_1_95' title='bbox 328 1613 446 1665; x_wconf 88' lang='lat' dir='ltr'>autem</span> <span class='ocrx_word' id='word_1_96' title='bbox 466 1592 555 1667; x_wconf 91' lang='lat' dir='ltr'>illud</span> <span class='ocrx_word' id='word_1_97' title='bbox 573 1593 702 1667; x_wconf 89' lang='lat' dir='ltr'>bacillo</span> <span class='ocrx_word' id='word_1_98' title='bbox 720 1591 842 1696; x_wconf 88' lang='lat' dir='ltr'>aliquo</span> <span class='ocrx_word' id='word_1_99' title='bbox 859 1586 1087 1682; x_wconf 87' lang='lat' dir='ltr'>acuminato,</span> <span class='ocrx_word' id='word_1_100' title='bbox 1112 1587 1174 1665; x_wconf 88' lang='lat' dir='ltr'>ubi</span> <span class='ocrx_word' id='word_1_101' title='bbox 1189 1585 1305 1663; x_wconf 77' lang='lat' dir='ltr'>vasum</span> <span class='ocrx_word' id='word_1_102' title='bbox 1323 1584 1463 1681; x_wconf 78' lang='lat' dir='ltr'>fuerit,</span> 
     </span>
     <span class='ocr_line' id='line_1_15' title="bbox 144 1687 1309 1796; baseline 0.013 -34"><span class='ocrx_word' id='word_1_103' title='bbox 144 1687 307 1764; x_wconf 87' lang='lat' dir='ltr'>obturari</span> <span class='ocrx_word' id='word_1_104' title='bbox 326 1714 387 1765; x_wconf 91' lang='lat' dir='ltr'>aut</span> <span class='ocrx_word' id='word_1_105' title='bbox 403 1693 532 1793; x_wconf 88' lang='lat' dir='ltr'>aperiri</span> <span class='ocrx_word' id='word_1_106' title='bbox 553 1691 685 1796; x_wconf 89' lang='lat' dir='ltr'>potest.</span> <span class='ocrx_word' id='word_1_107' title='bbox 1008 1721 1012 1727; x_wconf 86' lang='lat'>·</span> <span class='ocrx_word' id='word_1_108' title='bbox 1305 1741 1309 1755; x_wconf 92' lang='lat'><em>·</em></span> 
     </span>
    </p>

    <p class='ocr_par' dir='ltr' id='par_1_7' title="bbox 138 1789 1622 2072">
     <span class='ocr_line' id='line_1_16' title="bbox 196 1789 1622 1905; baseline -0.001 -40"><span class='ocrx_word' id='word_1_109' title='bbox 196 1792 265 1866; x_wconf 88' lang='lat' dir='ltr'>EE</span> <span class='ocrx_word' id='word_1_110' title='bbox 285 1795 401 1868; x_wconf 86' lang='lat' dir='ltr'>Parva</span> <span class='ocrx_word' id='word_1_111' title='bbox 420 1794 552 1887; x_wconf 81' lang='lat' dir='ltr'>antlia,</span> <span class='ocrx_word' id='word_1_112' title='bbox 579 1792 678 1869; x_wconf 81' lang='lat' dir='ltr'>cu&#39;uc</span> <span class='ocrx_word' id='word_1_113' title='bbox 695 1791 886 1898; x_wconf 86' lang='lat' dir='ltr'>longitudo</span> <span class='ocrx_word' id='word_1_114' title='bbox 903 1789 952 1871; x_wconf 87' lang='lat' dir='ltr'>est</span> <span class='ocrx_word' id='word_1_115' title='bbox 973 1819 1037 1886; x_wconf 83' lang='grc' dir='ltr'>ιο,</span> <span class='ocrx_word' id='word_1_116' title='bbox 1063 1792 1237 1870; x_wconf 87' lang='lat' dir='ltr'>diameter</span> <span class='ocrx_word' id='word_1_117' title='bbox 1252 1814 1373 1905; x_wconf 69' lang='lat' dir='ltr'>veroa</span> <span class='ocrx_word' id='word_1_118' title='bbox 1389 1789 1459 1864; x_wconf 86' lang='lat' dir='ltr'>fet·</span> <span class='ocrx_word' id='word_1_119' title='bbox 1480 1812 1552 1896; x_wconf 72' lang='lat'><strong>1³²8·</strong></span> <span class='ocrx_word' id='word_1_120' title='bbox 1571 1810 1622 1889; x_wconf 72' lang='lat'>98,</span> 
     </span>
     <span class='ocr_line' id='line_1_17' title="bbox 142 1889 1462 1994; baseline 0.002 -31"><span class='ocrx_word' id='word_1_121' title='bbox 142 1914 202 1964; x_wconf 88' lang='lat' dir='ltr'>me</span> <span class='ocrx_word' id='word_1_122' title='bbox 228 1891 427 1994; x_wconf 85' lang='lat' dir='ltr'>digitorum</span> <span class='ocrx_word' id='word_1_123' title='bbox 447 1927 456 1970; x_wconf 82' lang='lat' dir='ltr'>a</span> <span class='ocrx_word' id='word_1_124' title='bbox 483 1895 594 1972; x_wconf 83' lang='lat' dir='ltr'>antlia</span> <span class='ocrx_word' id='word_1_125' title='bbox 672 1920 691 1972; x_wconf 93' lang='lat' dir='ltr'>c</span> <span class='ocrx_word' id='word_1_126' title='bbox 708 1896 887 1973; x_wconf 82' lang='lat' dir='ltr'>mediante</span> <span class='ocrx_word' id='word_1_127' title='bbox 912 1894 1002 1971; x_wconf 86' lang='lat' dir='ltr'>tubo</span> <span class='ocrx_word' id='word_1_128' title='bbox 1017 1898 1114 1971; x_wconf 84' lang='lat' dir='ltr'>FFF</span> <span class='ocrx_word' id='word_1_129' title='bbox 1131 1918 1215 1971; x_wconf 89' lang='lat' dir='ltr'>cum</span> <span class='ocrx_word' id='word_1_130' title='bbox 1231 1915 1364 1993; x_wconf 66' lang='lat' dir='ltr'>majori</span> <span class='ocrx_word' id='word_1_131' title='bbox 1373 1889 1462 1968; x_wconf 91' lang='lat' dir='ltr'>tubo</span> 
     </span>
     <span class='ocr_line' id='line_1_18' title="bbox 138 1992 1159 2072; baseline 0.005 -7"><span class='ocrx_word' id='word_1_132' title='bbox 138 1992 218 2066; x_wconf 84' lang='grc' dir='ltr'>ΑΛ</span> <span class='ocrx_word' id='word_1_133' title='bbox 244 1995 507 2072; x_wconf 81' lang='lat' dir='ltr'>communicat.</span> <span class='ocrx_word' id='word_1_134' title='bbox 1156 2064 1159 2070; x_wconf 92' lang='grc'><em>,</em></span> 
     </span>
    </p>

    <p class='ocr_par' dir='ltr' id='par_1_8' title="bbox 27 2090 1474 3294">
     <span class='ocr_line' id='line_1_19' title="bbox 141 2090 1206 2194; baseline 0.002 -30"><span class='ocrx_word' id='word_1_135' title='bbox 141 2138 145 2147; x_wconf 89' lang='grc'>-</span> <span class='ocrx_word' id='word_1_136' title='bbox 193 2097 273 2166; x_wconf 88' lang='lat' dir='ltr'>GG</span> <span class='ocrx_word' id='word_1_137' title='bbox 300 2093 475 2167; x_wconf 84' lang='lat' dir='ltr'>Pillillum</span> <span class='ocrx_word' id='word_1_138' title='bbox 492 2121 575 2167; x_wconf 87' lang='lat' dir='ltr'>cum</span> <span class='ocrx_word' id='word_1_139' title='bbox 595 2095 786 2168; x_wconf 86' lang='lat' dir='ltr'>manubrio</span> <span class='ocrx_word' id='word_1_140' title='bbox 802 2117 966 2194; x_wconf 85' lang='lat' dir='ltr'>aptatum</span> <span class='ocrx_word' id='word_1_141' title='bbox 983 2090 1099 2168; x_wconf 80' lang='lat' dir='ltr'>antlia</span> <span class='ocrx_word' id='word_1_142' title='bbox 1116 2094 1206 2166; x_wconf 86' lang='lat' dir='ltr'>EE.</span> 
     </span>
     <span class='ocr_line' id='line_1_20' title="bbox 150 2187 1470 2291; baseline 0.005 -31"><span class='ocrx_word' id='word_1_143' title='bbox 150 2234 158 2241; x_wconf 94' lang='lat'>-</span> <span class='ocrx_word' id='word_1_144' title='bbox 197 2187 397 2261; x_wconf 87' lang='lat' dir='ltr'>Orilicium</span> <span class='ocrx_word' id='word_1_145' title='bbox 418 2192 495 2264; x_wconf 88' lang='lat' dir='ltr'>tubi</span> <span class='ocrx_word' id='word_1_146' title='bbox 514 2194 612 2266; x_wconf 77' lang='lat' dir='ltr'>FFF</span> <span class='ocrx_word' id='word_1_147' title='bbox 630 2195 669 2266; x_wconf 90' lang='lat' dir='ltr'>iu</span> <span class='ocrx_word' id='word_1_148' title='bbox 679 2193 790 2268; x_wconf 84' lang='lat' dir='ltr'>antlia</span> <span class='ocrx_word' id='word_1_149' title='bbox 799 2196 867 2268; x_wconf 90' lang='lat' dir='ltr'>EE</span> <span class='ocrx_word' id='word_1_150' title='bbox 886 2189 1050 2269; x_wconf 85' lang='lat' dir='ltr'>obtutari</span> <span class='ocrx_word' id='word_1_151' title='bbox 1068 2190 1170 2266; x_wconf 89' lang='lat' dir='ltr'>debet</span> <span class='ocrx_word' id='word_1_152' title='bbox 1187 2187 1294 2266; x_wconf 87' lang='lat' dir='ltr'>valva</span> <span class='ocrx_word' id='word_1_153' title='bbox 1310 2189 1362 2279; x_wconf 86' lang='lat' dir='ltr'>L,</span> <span class='ocrx_word' id='word_1_154' title='bbox 1388 2214 1470 2291; x_wconf 78' lang='lat' dir='ltr'>quae</span> 
     </span>
     <span class='ocr_line' id='line_1_21' title="bbox 147 2288 1474 2390; baseline 0.001 -28"><span class='ocrx_word' id='word_1_155' title='bbox 147 2312 170 2362; x_wconf 80' lang='lat' dir='ltr'>a</span> <span class='ocrx_word' id='word_1_156' title='bbox 198 2311 280 2360; x_wconf 89' lang='lat' dir='ltr'>uam</span> <span class='ocrx_word' id='word_1_157' title='bbox 297 2313 345 2360; x_wconf 88' lang='lat' dir='ltr'>ex</span> <span class='ocrx_word' id='word_1_158' title='bbox 364 2288 451 2362; x_wconf 89' lang='lat' dir='ltr'>tubo</span> <span class='ocrx_word' id='word_1_159' title='bbox 468 2290 508 2364; x_wconf 90' lang='lat' dir='ltr'>in</span> <span class='ocrx_word' id='word_1_160' title='bbox 524 2292 674 2366; x_wconf 80' lang='lat' dir='ltr'>antliam</span> <span class='ocrx_word' id='word_1_161' title='bbox 695 2293 883 2383; x_wconf 86' lang='lat' dir='ltr'>admittat,</span> <span class='ocrx_word' id='word_1_162' title='bbox 912 2294 1061 2367; x_wconf 88' lang='lat' dir='ltr'>eandem</span> <span class='ocrx_word' id='word_1_163' title='bbox 1077 2314 1202 2364; x_wconf 88' lang='lat' dir='ltr'>veroa</span> <span class='ocrx_word' id='word_1_164' title='bbox 1219 2288 1374 2390; x_wconf 77' lang='lat' dir='ltr'>regressu</span> <span class='ocrx_word' id='word_1_165' title='bbox 1407 2315 1474 2363; x_wconf 52' lang='lat' dir='ltr'>tow</span> 
     </span>
     <span class='ocr_line' id='line_1_22' title="bbox 139 2310 1467 2493; baseline 0.008 -34"><span class='ocrx_word' id='word_1_166' title='bbox 139 2310 293 2461; x_wconf 48' lang='lat' dir='ltr'>bibrata</span> <span class='ocrx_word' id='word_1_167' title='bbox 321 2388 358 2458; x_wconf 75' lang='grc' dir='ltr'>ἀ</span> <span class='ocrx_word' id='word_1_168' title='bbox 377 2387 545 2489; x_wconf 84' lang='lat' dir='ltr'>pistillum</span> <span class='ocrx_word' id='word_1_169' title='bbox 565 2395 603 2466; x_wconf 92' lang='lat' dir='ltr'>G</span> <span class='ocrx_word' id='word_1_170' title='bbox 624 2390 843 2493; x_wconf 88' lang='lat' dir='ltr'>perforatum</span> <span class='ocrx_word' id='word_1_171' title='bbox 861 2394 1039 2493; x_wconf 84' lang='lat' dir='ltr'>vulvaque</span> <span class='ocrx_word' id='word_1_172' title='bbox 1065 2389 1192 2464; x_wconf 87' lang='lat' dir='ltr'>itidem</span> <span class='ocrx_word' id='word_1_173' title='bbox 1220 2391 1263 2464; x_wconf 86' lang='lat' dir='ltr'>ad</span> <span class='ocrx_word' id='word_1_174' title='bbox 1283 2390 1321 2463; x_wconf 91' lang='lat' dir='ltr'><strong>H</strong></span> <span class='ocrx_word' id='word_1_175' title='bbox 1337 2315 1467 2469; x_wconf 57' lang='lat' dir='ltr'>infime</span> 
     </span>
     <span class='ocr_line' id='line_1_23' title="bbox 142 2483 1471 2594; baseline 0.004 -34"><span class='ocrx_word' id='word_1_176' title='bbox 142 2484 243 2560; x_wconf 63' lang='lat' dir='ltr'>dium</span> <span class='ocrx_word' id='word_1_177' title='bbox 261 2483 332 2575; x_wconf 81' lang='lat' dir='ltr'>est,</span> <span class='ocrx_word' id='word_1_178' title='bbox 359 2511 466 2587; x_wconf 88' lang='lat' dir='ltr'>prout</span> <span class='ocrx_word' id='word_1_179' title='bbox 486 2490 742 2594; x_wconf 86' lang='lat' dir='ltr'>invulgatibus</span> <span class='ocrx_word' id='word_1_180' title='bbox 758 2491 877 2565; x_wconf 83' lang='lat' dir='ltr'>antliia</span> <span class='ocrx_word' id='word_1_181' title='bbox 894 2490 1060 2569; x_wconf 66' lang='lat' dir='ltr'>sustoriit</span> <span class='ocrx_word' id='word_1_182' title='bbox 1083 2485 1162 2566; x_wconf 88' lang='lat' dir='ltr'>fieri</span> <span class='ocrx_word' id='word_1_183' title='bbox 1180 2487 1267 2563; x_wconf 89' lang='lat' dir='ltr'>solet</span> <span class='ocrx_word' id='word_1_184' title='bbox 1279 2487 1323 2562; x_wconf 92' lang='lat' dir='ltr'>ad</span> <span class='ocrx_word' id='word_1_185' title='bbox 1333 2514 1471 2589; x_wconf 89' lang='lat' dir='ltr'>aquam·</span> 
     </span>
     <span class='ocr_line' id='line_1_24' title="bbox 27 2582 1467 2693; baseline 0.006 -36"><span class='ocrx_word' id='word_1_186' title='bbox 27 2620 45 2625; x_wconf 67' lang='lat'><em>„</em></span> <span class='ocrx_word' id='word_1_187' title='bbox 138 2582 392 2662; x_wconf 78' lang='lat' dir='ltr'>hauriendam.</span> <span class='ocrx_word' id='word_1_188' title='bbox 407 2592 523 2664; x_wconf 75' lang='lat' dir='ltr'>earet</span> <span class='ocrx_word' id='word_1_189' title='bbox 542 2591 676 2693; x_wconf 91' lang='lat' dir='ltr'>igitur,</span> <span class='ocrx_word' id='word_1_190' title='bbox 703 2591 799 2691; x_wconf 90' lang='lat' dir='ltr'>quod</span> <span class='ocrx_word' id='word_1_191' title='bbox 817 2592 965 2667; x_wconf 85' lang='lat' dir='ltr'>antliam</span> <span class='ocrx_word' id='word_1_192' title='bbox 985 2593 1053 2667; x_wconf 86' lang='grc' dir='ltr'>ΕΕ</span> <span class='ocrx_word' id='word_1_193' title='bbox 1079 2590 1307 2678; x_wconf 83' lang='lat' dir='ltr'>exercendo,</span> <span class='ocrx_word' id='word_1_194' title='bbox 1334 2613 1467 2688; x_wconf 88' lang='lat' dir='ltr'>aquam</span> 
     </span>
     <span class='ocr_line' id='line_1_25' title="bbox 139 2686 1464 2789; baseline 0.005 -32"><span class='ocrx_word' id='word_1_195' title='bbox 139 2686 204 2758; x_wconf 70' lang='lat' dir='ltr'>uel</span> <span class='ocrx_word' id='word_1_196' title='bbox 222 2711 341 2760; x_wconf 90' lang='lat' dir='ltr'>aerem</span> <span class='ocrx_word' id='word_1_197' title='bbox 365 2712 415 2761; x_wconf 82' lang='lat' dir='ltr'>ert</span> <span class='ocrx_word' id='word_1_198' title='bbox 434 2689 565 2788; x_wconf 82' lang='lat' dir='ltr'>majori</span> <span class='ocrx_word' id='word_1_199' title='bbox 581 2692 669 2765; x_wconf 89' lang='lat' dir='ltr'>tubo</span> <span class='ocrx_word' id='word_1_200' title='bbox 688 2695 764 2766; x_wconf 82' lang='grc' dir='ltr'>ΛΑ</span> <span class='ocrx_word' id='word_1_201' title='bbox 791 2691 933 2767; x_wconf 87' lang='lat' dir='ltr'>haurire</span> <span class='ocrx_word' id='word_1_202' title='bbox 951 2692 1059 2781; x_wconf 89' lang='lat' dir='ltr'>licet,</span> <span class='ocrx_word' id='word_1_203' title='bbox 1086 2689 1174 2765; x_wconf 89' lang='lat' dir='ltr'>adeo</span> <span class='ocrx_word' id='word_1_204' title='bbox 1194 2712 1233 2762; x_wconf 91' lang='lat' dir='ltr'>ut</span> <span class='ocrx_word' id='word_1_205' title='bbox 1253 2686 1464 2789; x_wconf 87' lang='lat' dir='ltr'>pistillumB</span> 
     </span>
     <span class='ocr_line' id='line_1_26' title="bbox 138 2780 1465 2888; baseline 0.005 -31"><span class='ocrx_word' id='word_1_206' title='bbox 138 2780 293 2857; x_wconf 80' lang='lat' dir='ltr'>inferius</span> <span class='ocrx_word' id='word_1_207' title='bbox 312 2784 455 2862; x_wconf 79' lang='lat' dir='ltr'>asolita</span> <span class='ocrx_word' id='word_1_208' title='bbox 482 2788 602 2863; x_wconf 80' lang='lat' dir='ltr'>armos</span> <span class='ocrx_word' id='word_1_209' title='bbox 622 2788 740 2863; x_wconf 39' lang='lat' dir='ltr'>hara.</span> <span class='ocrx_word' id='word_1_210' title='bbox 792 2790 923 2863; x_wconf 84' lang='lat' dir='ltr'>ellione</span> <span class='ocrx_word' id='word_1_211' title='bbox 950 2789 1143 2880; x_wconf 89' lang='lat' dir='ltr'>liberetur,</span> <span class='ocrx_word' id='word_1_212' title='bbox 1170 2785 1285 2888; x_wconf 84' lang='lat' dir='ltr'>licque</span> <span class='ocrx_word' id='word_1_213' title='bbox 1311 2787 1357 2862; x_wconf 92' lang='lat' dir='ltr'>ab</span> <span class='ocrx_word' id='word_1_214' title='bbox 1382 2814 1465 2865; x_wconf 90' lang='lat' dir='ltr'>aere</span> 
     </span>
     <span class='ocr_line' id='line_1_27' title="bbox 140 2813 1468 2997; baseline 0.004 -40"><span class='ocrx_word' id='word_1_215' title='bbox 140 2881 321 2981; x_wconf 82' lang='lat' dir='ltr'>superiori</span> <span class='ocrx_word' id='word_1_216' title='bbox 379 2889 450 2960; x_wconf 89' lang='lat' dir='ltr'>arti</span> <span class='ocrx_word' id='word_1_217' title='bbox 476 2886 597 2962; x_wconf 85' lang='lat' dir='ltr'>incum</span> <span class='ocrx_word' id='word_1_218' title='bbox 646 2912 706 2961; x_wconf 90' lang='lat' dir='ltr'>nte</span> <span class='ocrx_word' id='word_1_219' title='bbox 742 2813 905 2963; x_wconf 56' lang='lat' dir='ltr'>diarium</span> <span class='ocrx_word' id='word_1_220' title='bbox 940 2889 1162 2988; x_wconf 84' lang='lat' dir='ltr'>propellatur</span> <span class='ocrx_word' id='word_1_221' title='bbox 1198 2885 1353 2997; x_wconf 76' lang='lat' dir='ltr'>pondere</span> <span class='ocrx_word' id='word_1_222' title='bbox 1383 2915 1468 2979; x_wconf 89' lang='lat'>300.</span> 
     </span>
     <span class='ocr_line' id='line_1_28' title="bbox 142 2910 1470 3090; baseline 0.003 -35"><span class='ocrx_word' id='word_1_223' title='bbox 142 2982 317 3057; x_wconf 86' lang='lat' dir='ltr'>librarum</span> <span class='ocrx_word' id='word_1_224' title='bbox 346 2910 382 3057; x_wconf 60' lang='lat' dir='ltr'><em>g</em></span> <span class='ocrx_word' id='word_1_225' title='bbox 412 2986 591 3090; x_wconf 86' lang='lat' dir='ltr'>amplius:</span> <span class='ocrx_word' id='word_1_226' title='bbox 620 2988 657 3060; x_wconf 91' lang='lat' dir='ltr'>in</span> <span class='ocrx_word' id='word_1_227' title='bbox 687 2984 880 3084; x_wconf 87' lang='lat' dir='ltr'>majoribus</span> <span class='ocrx_word' id='word_1_228' title='bbox 907 3012 996 3061; x_wconf 86' lang='lat' dir='ltr'>vcro</span> <span class='ocrx_word' id='word_1_229' title='bbox 1023 2986 1117 3061; x_wconf 90' lang='lat' dir='ltr'>tubis</span> <span class='ocrx_word' id='word_1_230' title='bbox 1142 2983 1199 3059; x_wconf 84' lang='lat' dir='ltr'>vis</span> <span class='ocrx_word' id='word_1_231' title='bbox 1215 2984 1276 3056; x_wconf 90' lang='lat' dir='ltr'>tlla</span> <span class='ocrx_word' id='word_1_232' title='bbox 1293 2983 1470 3059; x_wconf 82' lang='lat' dir='ltr'>increscet</span> 
     </span>
     <span class='ocr_line' id='line_1_29' title="bbox 143 3079 1467 3199; baseline 0.002 -42"><span class='ocrx_word' id='word_1_233' title='bbox 143 3080 182 3157; x_wconf 88' lang='lat' dir='ltr'>in</span> <span class='ocrx_word' id='word_1_234' title='bbox 201 3082 342 3158; x_wconf 90' lang='lat' dir='ltr'>ratione</span> <span class='ocrx_word' id='word_1_235' title='bbox 368 3084 547 3187; x_wconf 89' lang='lat' dir='ltr'>duplicata</span> <span class='ocrx_word' id='word_1_236' title='bbox 564 3087 845 3175; x_wconf 66' lang='lat' dir='ltr'>diametrorum</span> <span class='ocrx_word' id='word_1_237' title='bbox 873 3112 981 3188; x_wconf 89' lang='lat' dir='ltr'>atque</span> <span class='ocrx_word' id='word_1_238' title='bbox 997 3086 1049 3160; x_wconf 92' lang='lat' dir='ltr'>ita</span> <span class='ocrx_word' id='word_1_239' title='bbox 1068 3084 1145 3159; x_wconf 91' lang='lat' dir='ltr'>tubi</span> <span class='ocrx_word' id='word_1_240' title='bbox 1172 3107 1248 3197; x_wconf 80' lang='lat' dir='ltr'>non</span> <span class='ocrx_word' id='word_1_241' title='bbox 1270 3079 1467 3199; x_wconf 81' lang='lat' dir='ltr'>admodum</span> 
     </span>
     <span class='ocr_line' id='line_1_30' title="bbox 190 3180 1469 3294; baseline 0.002 -37"><span class='ocrx_word' id='word_1_242' title='bbox 190 3183 295 3258; x_wconf 77' lang='lat' dir='ltr'>ander</span> <span class='ocrx_word' id='word_1_243' title='bbox 313 3186 516 3286; x_wconf 84' lang='lat' dir='ltr'>ingentium</span> <span class='ocrx_word' id='word_1_244' title='bbox 567 3222 568 3225; x_wconf 41' lang='lat'>¹</span> <span class='ocrx_word' id='word_1_245' title='bbox 592 3189 740 3263; x_wconf 86' lang='lat' dir='ltr'>adetum</span> <span class='ocrx_word' id='word_1_246' title='bbox 758 3189 856 3262; x_wconf 85' lang='lat' dir='ltr'>vices</span> <span class='ocrx_word' id='word_1_247' title='bbox 873 3186 1086 3288; x_wconf 88' lang='lat' dir='ltr'>supplebunt</span> <span class='ocrx_word' id='word_1_248' title='bbox 1104 3217 1113 3259; x_wconf 74' lang='grc' dir='ltr'><strong><em>ε</em></strong></span> <span class='ocrx_word' id='word_1_249' title='bbox 1141 3180 1265 3257; x_wconf 68' lang='lat' dir='ltr'>frictio</span> <span class='ocrx_word' id='word_1_250' title='bbox 1282 3198 1401 3294; x_wconf 78' lang='lat' dir='ltr'>autem</span> <span class='ocrx_word' id='word_1_251' title='bbox 1413 3210 1469 3285; x_wconf 68' lang='lat' dir='ltr'>pb</span> 
     </span>
    </p>

    <p class='ocr_par' dir='ltr' id='par_1_9' title="bbox 135 3280 1475 4197">
     <span class='ocr_line' id='line_1_31' title="bbox 174 3280 1466 3461; baseline 0.008 -108"><span class='ocrx_word' id='word_1_252' title='bbox 174 3281 260 3374; x_wconf 88' lang='lat' dir='ltr'>illi,</span> <span class='ocrx_word' id='word_1_253' title='bbox 285 3282 310 3358; x_wconf 88' lang='lat' dir='ltr'>li</span> <span class='ocrx_word' id='word_1_254' title='bbox 336 3286 504 3362; x_wconf 89' lang='lat' dir='ltr'>machina</span> <span class='ocrx_word' id='word_1_255' title='bbox 557 3287 731 3363; x_wconf 83' lang='lat' dir='ltr'>taffabre</span> <span class='ocrx_word' id='word_1_256' title='bbox 757 3286 851 3363; x_wconf 56' lang='lat' dir='ltr'>fabia</span> <span class='ocrx_word' id='word_1_257' title='bbox 879 3342 891 3379; x_wconf 94' lang='lat'>,</span> <span class='ocrx_word' id='word_1_258' title='bbox 917 3312 1038 3461; x_wconf 80' lang='lat' dir='ltr'>parvo</span> <span class='ocrx_word' id='word_1_259' title='bbox 1068 3282 1137 3360; x_wconf 90' lang='lat' dir='ltr'>erit</span> <span class='ocrx_word' id='word_1_260' title='bbox 1166 3280 1466 3394; x_wconf 62' lang='lat' dir='ltr'>impedimento.</span> 
     </span>
     <span class='ocr_line' id='line_1_32' title="bbox 144 3379 1468 3487; baseline 0.002 -33"><span class='ocrx_word' id='word_1_261' title='bbox 144 3381 255 3454; x_wconf 84' lang='lat' dir='ltr'>Hanc</span> <span class='ocrx_word' id='word_1_262' title='bbox 282 3407 404 3457; x_wconf 88' lang='lat' dir='ltr'>autem</span> <span class='ocrx_word' id='word_1_263' title='bbox 431 3388 630 3484; x_wconf 87' lang='lat' dir='ltr'>potentiam</span> <span class='ocrx_word' id='word_1_264' title='bbox 658 3388 702 3462; x_wconf 91' lang='lat' dir='ltr'>ad</span> <span class='ocrx_word' id='word_1_265' title='bbox 728 3388 913 3487; x_wconf 79' lang='lat' dir='ltr'>exprimcn</span> <span class='ocrx_word' id='word_1_266' title='bbox 940 3413 980 3461; x_wconf 85' lang='lat' dir='ltr'>os</span> <span class='ocrx_word' id='word_1_267' title='bbox 1005 3386 1126 3462; x_wconf 86' lang='lat' dir='ltr'>succos</span> <span class='ocrx_word' id='word_1_268' title='bbox 1160 3382 1184 3456; x_wconf 89' lang='lat' dir='ltr'>fi</span> <span class='ocrx_word' id='word_1_269' title='bbox 1212 3379 1378 3456; x_wconf 80' lang='lat' dir='ltr'>adhibere</span> <span class='ocrx_word' id='word_1_270' title='bbox 1405 3410 1468 3456; x_wconf 88' lang='lat' dir='ltr'>ve·</span> 
     </span>
     <span class='ocr_line' id='line_1_33' title="bbox 146 3476 1466 3587; baseline 0.004 -36"><span class='ocrx_word' id='word_1_271' title='bbox 146 3476 278 3569; x_wconf 79' lang='lat' dir='ltr'>limus,</span> <span class='ocrx_word' id='word_1_272' title='bbox 305 3507 514 3582; x_wconf 91' lang='lat' dir='ltr'>apparatum</span> <span class='ocrx_word' id='word_1_273' title='bbox 542 3486 723 3587; x_wconf 87' lang='lat' dir='ltr'>lignenm,</span> <span class='ocrx_word' id='word_1_274' title='bbox 749 3484 864 3587; x_wconf 85' lang='lat' dir='ltr'>qualis</span> <span class='ocrx_word' id='word_1_275' title='bbox 890 3485 929 3558; x_wconf 92' lang='lat' dir='ltr'>in</span> <span class='ocrx_word' id='word_1_276' title='bbox 945 3484 1124 3561; x_wconf 83' lang='lat' dir='ltr'>schemate</span> <span class='ocrx_word' id='word_1_277' title='bbox 1149 3478 1357 3575; x_wconf 86' lang='lat' dir='ltr'>exhibetur,</span> <span class='ocrx_word' id='word_1_278' title='bbox 1381 3480 1466 3567; x_wconf 80' lang='lat' dir='ltr'>satis</span> 
     </span>
     <span class='ocr_line' id='line_1_34' title="bbox 143 3581 1451 3699; baseline 0.011 -46"><span class='ocrx_word' id='word_1_279' title='bbox 143 3581 381 3655; x_wconf 78' lang='lat' dir='ltr'>commodum</span> <span class='ocrx_word' id='word_1_280' title='bbox 410 3583 477 3657; x_wconf 78' lang='lat' dir='ltr'>else</span> <span class='ocrx_word' id='word_1_281' title='bbox 503 3583 1029 3699; x_wconf 81' lang='lat' dir='ltr'>experientiacomprobavit.</span> <span class='ocrx_word' id='word_1_282' title='bbox 1448 3659 1451 3668; x_wconf 92' lang='lat'>.</span> 
     </span>
     <span class='ocr_line' id='line_1_35' title="bbox 153 3680 1468 3784; baseline 0.01 -34"><span class='ocrx_word' id='word_1_283' title='bbox 153 3713 171 3735; x_wconf 92' lang='lat'>-·</span> <span class='ocrx_word' id='word_1_284' title='bbox 196 3684 259 3751; x_wconf 87' lang='lat' dir='ltr'>KK</span> <span class='ocrx_word' id='word_1_285' title='bbox 288 3680 353 3756; x_wconf 85' lang='lat' dir='ltr'>Est</span> <span class='ocrx_word' id='word_1_286' title='bbox 369 3683 488 3758; x_wconf 89' lang='lat' dir='ltr'>tabula</span> <span class='ocrx_word' id='word_1_287' title='bbox 515 3683 662 3784; x_wconf 75' lang='lat' dir='ltr'>insignis</span> <span class='ocrx_word' id='word_1_288' title='bbox 679 3683 1142 3775; x_wconf 81' lang='lat' dir='ltr'>craffitr&#39;eahorizontaliter</span> <span class='ocrx_word' id='word_1_289' title='bbox 1157 3684 1243 3780; x_wconf 85' lang='lat' dir='ltr'>fita,</span> <span class='ocrx_word' id='word_1_290' title='bbox 1269 3682 1368 3784; x_wconf 82' lang='lat' dir='ltr'>cujus</span> <span class='ocrx_word' id='word_1_291' title='bbox 1394 3684 1468 3763; x_wconf 87' lang='lat' dir='ltr'>duo</span> 
     </span>
     <span class='ocr_line' id='line_1_36' title="bbox 135 3780 1467 3871; baseline 0.011 -19"><span class='ocrx_word' id='word_1_292' title='bbox 135 3786 308 3871; x_wconf 43' lang='lat' dir='ltr'>,extrema</span> <span class='ocrx_word' id='word_1_293' title='bbox 335 3783 464 3867; x_wconf 79' lang='lat' dir='ltr'>&#39;validis</span> <span class='ocrx_word' id='word_1_294' title='bbox 480 3780 602 3858; x_wconf 84' lang='lat' dir='ltr'>fulcris</span> <span class='ocrx_word' id='word_1_295' title='bbox 627 3785 736 3859; x_wconf 91' lang='lat' dir='ltr'>inniti</span> <span class='ocrx_word' id='word_1_296' title='bbox 753 3785 902 3862; x_wconf 86' lang='lat' dir='ltr'>debent.</span> <span class='ocrx_word' id='word_1_297' title='bbox 1251 3850 1253 3853; x_wconf 77' lang='lat'>.</span> <span class='ocrx_word' id='word_1_298' title='bbox 1464 3832 1467 3837; x_wconf 37' lang='lat'>¹</span> 
     </span>
     <span class='ocr_line' id='line_1_37' title="bbox 154 3882 1475 4055; baseline 0.005 -101"><span class='ocrx_word' id='word_1_299' title='bbox 154 3926 159 3932; x_wconf 89' lang='lat'><em>-</em></span> <span class='ocrx_word' id='word_1_300' title='bbox 198 3882 246 3994; x_wconf 77' lang='lat' dir='ltr'>ll·</span> <span class='ocrx_word' id='word_1_301' title='bbox 262 3884 368 4055; x_wconf 50' lang='lat' dir='ltr'>lillllcr</span> <span class='ocrx_word' id='word_1_302' title='bbox 385 3884 513 3961; x_wconf 84' lang='lat' dir='ltr'>tabulae</span> <span class='ocrx_word' id='word_1_303' title='bbox 532 3890 596 3959; x_wconf 82' lang='lat' dir='ltr'>KK</span> <span class='ocrx_word' id='word_1_304' title='bbox 611 3884 744 3962; x_wconf 83' lang='lat' dir='ltr'>infixus</span> <span class='ocrx_word' id='word_1_305' title='bbox 761 3887 805 3966; x_wconf 87' lang='lat' dir='ltr'>ad</span> <span class='ocrx_word' id='word_1_306' title='bbox 823 3886 972 3990; x_wconf 77' lang='lat' dir='ltr'>angulos</span> <span class='ocrx_word' id='word_1_307' title='bbox 998 3888 1136 3982; x_wconf 68' lang='lat' dir='ltr'>renos,</span> <span class='ocrx_word' id='word_1_308' title='bbox 1161 3885 1294 3994; x_wconf 88' lang='lat' dir='ltr'>iplique</span> <span class='ocrx_word' id='word_1_309' title='bbox 1313 3884 1475 3965; x_wconf 61' lang='lat' dir='ltr'>firmisse</span> 
     </span>
     <span class='ocr_line' id='line_1_38' title="bbox 141 4003 1471 4071; baseline 0.011 -15"><span class='ocrx_word' id='word_1_310' title='bbox 141 4003 259 4056; x_wconf 75' lang='lat' dir='ltr'>aaran</span> <span class='ocrx_word' id='word_1_311' title='bbox 286 4011 412 4062; x_wconf 82' lang='lat' dir='ltr'>arena.</span> <span class='ocrx_word' id='word_1_312' title='bbox 1318 4060 1323 4071; x_wconf 84' lang='lat'>.</span> <span class='ocrx_word' id='word_1_313' title='bbox 1468 4062 1471 4070; x_wconf 88' lang='lat'>.</span> 
     </span>
     <span class='ocr_line' id='line_1_39' title="bbox 152 4082 1470 4197; baseline 0.009 -44"><span class='ocrx_word' id='word_1_314' title='bbox 152 4127 161 4136; x_wconf 92' lang='lat'><em>-</em></span> <span class='ocrx_word' id='word_1_315' title='bbox 199 4082 260 4155; x_wconf 85' lang='lat' dir='ltr'>Ll.</span> <span class='ocrx_word' id='word_1_316' title='bbox 286 4086 425 4162; x_wconf 87' lang='lat' dir='ltr'>Tabula</span> <span class='ocrx_word' id='word_1_317' title='bbox 443 4087 619 4164; x_wconf 65' lang='lat' dir='ltr'>asserint&lt;</span> <span class='ocrx_word' id='word_1_318' title='bbox 643 4091 829 4169; x_wconf 79' lang='lat' dir='ltr'>commilsa</span> <span class='ocrx_word' id='word_1_319' title='bbox 847 4091 883 4166; x_wconf 74' lang='lat' dir='ltr'>n</span> <span class='ocrx_word' id='word_1_320' title='bbox 901 4118 1172 4197; x_wconf 84' lang='lat' dir='ltr'>coagmentata,</span> <span class='ocrx_word' id='word_1_321' title='bbox 1199 4091 1380 4171; x_wconf 88' lang='lat' dir='ltr'>mediante</span> <span class='ocrx_word' id='word_1_322' title='bbox 1407 4110 1470 4159; x_wconf 75' lang='lat' dir='ltr'>vu·</span> 
     </span>
    </p>
   </div>
   <div class='ocr_carea' id='block_1_5' title="bbox 143 4166 1471 4372">
    <p class='ocr_par' dir='ltr' id='par_1_10' title="bbox 143 4166 1471 4372">
     <span class='ocr_line' id='line_1_40' title="bbox 143 4166 1471 4291; baseline 0.012 -34"><span class='ocrx_word' id='word_1_323' title='bbox 143 4166 227 4257; x_wconf 82' lang='lat' dir='ltr'>lldo</span> <span class='ocrx_word' id='word_1_324' title='bbox 246 4208 336 4275; x_wconf 85' lang='lat' dir='ltr'>axe,</span> <span class='ocrx_word' id='word_1_325' title='bbox 362 4186 457 4261; x_wconf 86' lang='lat' dir='ltr'>cirea</span> <span class='ocrx_word' id='word_1_326' title='bbox 473 4215 578 4289; x_wconf 83' lang='lat' dir='ltr'>quem</span> <span class='ocrx_word' id='word_1_327' title='bbox 599 4214 678 4277; x_wconf 82' lang='lat' dir='ltr'>tota</span> <span class='ocrx_word' id='word_1_328' title='bbox 703 4192 823 4268; x_wconf 89' lang='lat' dir='ltr'>tabula</span> <span class='ocrx_word' id='word_1_329' title='bbox 840 4192 952 4291; x_wconf 85' lang='lat' dir='ltr'>potest</span> <span class='ocrx_word' id='word_1_330' title='bbox 970 4195 1242 4272; x_wconf 89' lang='lat' dir='ltr'>circumrotari.</span> <span class='ocrx_word' id='word_1_331' title='bbox 1467 4248 1471 4255; x_wconf 82' lang='lat'>.</span> 
     </span>
     <span class='ocr_line' id='line_1_41' title="bbox 198 4281 1469 4372; baseline 0 -13"><span class='ocrx_word' id='word_1_332' title='bbox 198 4284 248 4359; x_wconf 90' lang='grc' dir='ltr'><strong>Μ</strong></span> <span class='ocrx_word' id='word_1_333' title='bbox 267 4286 436 4362; x_wconf 81' lang='lat' dir='ltr'>Annulua</span> <span class='ocrx_word' id='word_1_334' title='bbox 452 4286 587 4365; x_wconf 80' lang='lat' dir='ltr'>ferrcus</span> <span class='ocrx_word' id='word_1_335' title='bbox 603 4291 707 4365; x_wconf 90' lang='lat' dir='ltr'>alteri</span> <span class='ocrx_word' id='word_1_336' title='bbox 725 4316 888 4367; x_wconf 84' lang='lat' dir='ltr'>extremo</span> <span class='ocrx_word' id='word_1_337' title='bbox 914 4295 1040 4372; x_wconf 78' lang='lat' dir='ltr'>tabula</span> <span class='ocrx_word' id='word_1_338' title='bbox 1057 4299 1118 4372; x_wconf 86' lang='lat' dir='ltr'>LL</span> <span class='ocrx_word' id='word_1_339' title='bbox 1145 4294 1300 4370; x_wconf 89' lang='lat' dir='ltr'>firmiter</span> <span class='ocrx_word' id='word_1_340' title='bbox 1319 4281 1469 4361; x_wconf 83' lang='lat' dir='ltr'>infixus.</span> 
     </span>
    </p>
   </div>
   <div class='ocr_carea' id='block_1_6' title="bbox 202 4384 1471 4572">
    <p class='ocr_par' dir='ltr' id='par_1_11' title="bbox 202 4384 1471 4572">
     <span class='ocr_line' id='line_1_42' title="bbox 202 4384 1471 4572; baseline 0.007 -116"><span class='ocrx_word' id='word_1_341' title='bbox 202 4384 282 4458; x_wconf 90' lang='lat' dir='ltr'>NN</span> <span class='ocrx_word' id='word_1_342' title='bbox 310 4386 422 4462; x_wconf 90' lang='lat' dir='ltr'>Funis</span> <span class='ocrx_word' id='word_1_343' title='bbox 439 4391 556 4464; x_wconf 85' lang='lat' dir='ltr'>altero</span> <span class='ocrx_word' id='word_1_344' title='bbox 572 4389 623 4464; x_wconf 84' lang='lat' dir='ltr'>lui</span> <span class='ocrx_word' id='word_1_345' title='bbox 641 4417 804 4467; x_wconf 78' lang='lat' dir='ltr'>extremo</span> <span class='ocrx_word' id='word_1_346' title='bbox 821 4392 955 4572; x_wconf 60' lang='grc' dir='ltr'>ἓίίὶίΙΙο</span> <span class='ocrx_word' id='word_1_347' title='bbox 972 4399 1002 4471; x_wconf 92' lang='grc' dir='ltr'><strong>Β</strong></span> <span class='ocrx_word' id='word_1_348' title='bbox 1021 4420 1176 4472; x_wconf 80' lang='lat' dir='ltr'>annexus</span> <span class='ocrx_word' id='word_1_349' title='bbox 1184 4447 1196 4485; x_wconf 89' lang='lat'>,</span> <span class='ocrx_word' id='word_1_350' title='bbox 1224 4392 1339 4466; x_wconf 90' lang='lat' dir='ltr'>altero</span> <span class='ocrx_word' id='word_1_351' title='bbox 1349 4409 1471 4465; x_wconf 85' lang='lat' dir='ltr'>autem</span> 
     </span>
    </p>
   </div>
   <div class='ocr_carea' id='block_1_7' title="bbox 150 4483 1473 4875">
    <p class='ocr_par' dir='ltr' id='par_1_12' title="bbox 150 4483 1473 4875">
     <span class='ocr_line' id='line_1_43' title="bbox 150 4483 1473 4610; baseline 0.004 -50"><span class='ocrx_word' id='word_1_352' title='bbox 150 4508 284 4602; x_wconf 68' lang='lat' dir='ltr'>uncum</span> <span class='ocrx_word' id='word_1_353' title='bbox 309 4483 464 4565; x_wconf 84' lang='lat' dir='ltr'>ferreum</span> <span class='ocrx_word' id='word_1_354' title='bbox 492 4492 677 4607; x_wconf 80' lang='lat' dir='ltr'>alligatum</span> <span class='ocrx_word' id='word_1_355' title='bbox 704 4496 820 4597; x_wconf 88' lang='lat' dir='ltr'>ample</span> <span class='ocrx_word' id='word_1_356' title='bbox 859 4521 940 4589; x_wconf 84' lang='lat' dir='ltr'>ens,</span> <span class='ocrx_word' id='word_1_357' title='bbox 968 4495 1214 4610; x_wconf 71' lang='lat' dir='ltr'>guilencum</span> <span class='ocrx_word' id='word_1_358' title='bbox 1242 4487 1473 4565; x_wconf 86' lang='lat' dir='ltr'>annulumM</span> 
     </span>
     <span class='ocr_line' id='line_1_44' title="bbox 154 4581 1472 4701; baseline 0.007 -43"><span class='ocrx_word' id='word_1_359' title='bbox 154 4581 325 4661; x_wconf 78' lang='lat' dir='ltr'>facillime</span> <span class='ocrx_word' id='word_1_360' title='bbox 353 4589 465 4692; x_wconf 79' lang='lat' dir='ltr'>potest</span> <span class='ocrx_word' id='word_1_361' title='bbox 487 4593 722 4699; x_wconf 75' lang='lat' dir='ltr'>subingredi,</span> <span class='ocrx_word' id='word_1_362' title='bbox 748 4620 856 4701; x_wconf 85' lang='lat' dir='ltr'>atque</span> <span class='ocrx_word' id='word_1_363' title='bbox 873 4598 925 4674; x_wconf 86' lang='lat' dir='ltr'>ita</span> <span class='ocrx_word' id='word_1_364' title='bbox 942 4592 1112 4698; x_wconf 85' lang='lat' dir='ltr'>ptsttllum</span> <span class='ocrx_word' id='word_1_365' title='bbox 1131 4594 1162 4665; x_wconf 91' lang='lat' dir='ltr'><strong>B</strong></span> <span class='ocrx_word' id='word_1_366' title='bbox 1189 4612 1272 4667; x_wconf 85' lang='lat' dir='ltr'>eum</span> <span class='ocrx_word' id='word_1_367' title='bbox 1282 4587 1401 4665; x_wconf 89' lang='lat' dir='ltr'>tabula</span> <span class='ocrx_word' id='word_1_368' title='bbox 1410 4587 1472 4667; x_wconf 84' lang='lat' dir='ltr'>LL</span> 
     </span>
     <span class='ocr_line' id='line_1_45' title="bbox 153 4687 1470 4875; baseline 0.002 -112"><span class='ocrx_word' id='word_1_369' title='bbox 153 4687 410 4771; x_wconf 70' lang='lat' dir='ltr'>eoeneum.</span> <span class='ocrx_word' id='word_1_370' title='bbox 751 4758 754 4763; x_wconf 19' lang='lat' dir='ltr'>a</span> <span class='ocrx_word' id='word_1_371' title='bbox 825 4712 831 4720; x_wconf 88' lang='lat'><strong>·</strong></span> <span class='ocrx_word' id='word_1_372' title='bbox 1169 4778 1176 4791; x_wconf 18' lang='grc' dir='ltr'><strong><em>Κ</em></strong></span> <span class='ocrx_word' id='word_1_373' title='bbox 1258 4752 1470 4875; x_wconf 25' lang='lat' dir='ltr'>,opopa</span> 
     </span>
    </p>
   </div>
   <div class='ocr_carea' id='block_1_8' title="bbox 0 0 1912 5459">
    <p class='ocr_par' dir='ltr' id='par_1_13' title="bbox 0 0 1912 5459">
     <span class='ocr_line' id='line_1_46' title="bbox 0 0 1912 5459; baseline 0 0"><span class='ocrx_word' id='word_1_374' title='bbox 0 0 1912 5459; x_wconf 95' lang='lat' dir='ltr'> </span> 
     </span>
    </p>
   </div>
  </div>
 </body>
</html>
