3784 5459
491 253 1150 371 Enuorron'unr.
1311 306 1422 410 409

29 471 59 556 ⁵31
176 475 385 551 barometro
401 447 472 551 alte
487 471 645 567 scandit,
671 499 822 576 vapores
847 499 953 551 tanto
980 478 1106 552 melius
1132 479 1346 561 sustinentur
1357 485 1495 661 prohi-
1512 498 1675 574 AdErud.

1380 613 1399 660 e

30 583 54 668 ἕ
177 576 306 650 beatur
333 601 404 667 ue,
430 600 474 651 ne
490 573 529 649 in
545 596 670 677 guttas
679 576 913 677 coagulentur
928 599 991 651 aut
1008 577 1289 676 condensentur,
1308 612 1355 659 un
1418 614 1493 663 non
1511 583 1677 661 An·1692·

29 681 53 774 ξ
176 675 229 748 ita
248 600 348 748 faciie
365 675 476 750 nubes
490 675 655 776 generari
672 675 877 776 contingit:
898 698 1005 777 arque
1023 676 1133 753 nosiu
1151 677 1194 754 src
1212 707 1363 781 vapores
1379 684 1494 787 singu·
1513 662 1657 742 Μ’Μϋ·

28 785 51 871 ῗ“
174 771 277 846 latim
293 773 490 866 decidunt,
515 774 571 847 uti
587 772 815 847 ascenderant
832 775 870 852 in
887 776 1017 849 atomis
1033 777 1153 877 aqneis
1169 777 1304 853 sensum
1323 782 1495 884 effugien⁴

28 886 29 893 ’
173 871 286 946 tibus.
314 876 348 947 E
367 873 510 948 diverso
534 873 679 974 quando
696 873 901 950 Mercurius
918 873 1093 974 depressus
1109 876 1185 969 est,
1210 903 1340 982 aerque
1368 883 1497 960 taresa-

28 990 43 1037 2
172 969 251 1046 &ius
278 997 341 1073 per
358 971 646 1065 exhaustionem,
672 970 854 1048 indubiam
874 1001 893 1048 a
912 973 1005 1048 binis
1021 975 1139 1051 ventis
1155 977 1200 1052 ad
1217 980 1335 1080 plagas
1351 1006 1496 1057 contra·

34 1098 43 1141 ι
171 1070 244 1146 rias
271 1072 315 1145 ab
331 1073 458 1147 eodem
473 1071 555 1145 loco
575 1070 854 1171 prodeuntibus,
880 1096 960 1148 tum
978 1075 1093 1150 atomi
1111 1102 1219 1151 aereae
1245 1077 1386 1152 nonita
1406 1079 1495 1156 bene

33 1199 43 1242 t
171 1167 351 1270 separatos
369 1170 534 1247 distineor
551 1195 729 1272 vapores,
754 1171 842 1269 quin
869 1170 906 1244 lri
934 1172 972 1245 in
990 1197 1110 1275 guttas
1128 1173 1322 1251 coalescant
1343 1177 1493 1253 visibiles

37 1305 42 1346 :
169 1267 211 1343 in
239 1268 417 1344 nubibus:
445 1269 538 1345 unde
557 1291 667 1383 porro
684 1267 789 1342 sacile
805 1268 999 1345 trahuntur
1026 1273 1066 1347 in
1091 1272 1244 1369 majores
1269 1276 1397 1375 pluvie
1420 1277 1493 1351 stil-

28 1402 41 1446 e:
170 1368 239 1441 las.
269 1372 441 1444 Praeterea
467 1395 533 1443 nec
558 1366 772 1468 tmpoffibile
790 1367 866 1460 est,
892 1395 958 1443 nec
974 1370 1240 1472 improbabile,
1266 1374 1354 1475 quin
1380 1397 1491 1474 genus

170 1465 351 1568 quoddam
377 1467 568 1543 salinarum
594 1491 655 1541 aut
682 1465 904 1568 angularium
933 1470 1077 1570 vaporis
1092 1469 1288 1573 cujuspiam
1316 1472 1490 1548 terreslrit

28 1606 30 1617 ›
170 1565 424 1665 particularum
442 1620 454 1659 ,
480 1566 628 1669 aqueis,
654 1591 741 1668 quas
758 1562 869 1642 bullas
887 1569 954 1643 ell'e
971 1568 1148 1661 arbitror,
1173 1570 1380 1646 immixtum
1398 1570 1489 1648 scin·

27 1709 35 1752 2
169 1665 252 1739 dere
278 1689 338 1740 aut
357 1691 521 1768 rumpere
538 1665 664 1741 hatum
683 1663 861 1765 pelliculas
887 1666 1127 1768 cuticulasque
1145 1669 1281 1760 valeat,
1308 1691 1415 1772 atque
1442 1667 1487 1747 stc

26 1810 31 1853 ς
168 1763 283 1840 facete
300 1765 343 1841 ad
360 1766 568 1842 celeriorem
584 1764 738 1867 ipsarum
756 1765 796 1842 in
814 1765 951 1868 pluvias
967 1766 1301 1845 condensationtm.

268 1995 1334 2206 suntnutoexuurunrnrvrr
1503 2147 1658 2231 ,W

167 2275 268 2381 DE
299 2275 704 2386 Mercunro
733 2275 1103 2385 sanemur
1131 2273 1488 2416 INJECTO,

378 2498 607 2610 Noxiisque
631 2493 805 2610 ejusdem
820 2493 865 2582 in
884 2496 1095 2588 Pulmones
1112 2491 1319 2603 effesiis,''
1350 2499 1355 2506 ’

251 2689 424 2767 Societati
441 2689 563 2794 Regia
580 2661 847 2812 communicpla'
871 2637 914 2766 ab
942 2693 989 2765 A.
1008 2689 1226 2767 Moerin
1241 2693 1255 2777 ¹,
1282 2685 1340 2766 M.
1357 2687 1409 2764 D.
1475 2679 1483 2700 ’

167 2835 1032 2962 exvrransau.rhitsrngtrnjancrrebr.i691.
1049 2856 1153 2946 Num.
1167 2876 1246 2948 192.
1259 2855 1488 2951 p.486.feqq‚

243 3052 494 3146 Δῐζοιιιίἷιιιιιι,
521 3050 851 3129 cum-novissimum
871 3053 1079 3129 haberemus
1094 3068 1334 3138 conventum,
1352 3073 1410 3122 me
1427 3050 1487 3126 da·
1546 3063 1551 3082 ·
1634 3059 1665 3130 'a

266 3177 387 3232 turum
415 3152 580 3255 bocipso
597 3152 655 3228 die
680 3154 863 3246 rationes,
888 3153 1016 3253 quibus
1031 3149 1196 3227 induuus
1212 3144 1366 3221 arbitrer
1384 3152 1486 3223 Mer·
1638 3177 1666 3245 ⁸3

167 3252 309 3329 curium
337 3252 565 3355 pulmonibus
590 3250 777 3327 inimicum
796 3254 863 3327 else
878 3255 894 3326 ‘t
924 3251 1024 3353 spero
1043 3249 1192 3350 p'roinde
1209 3242 1485 3343 pollicitationis

167 3349 279 3427 fidem
299 3352 484 3453 impletam
500 3351 598 3442 sore,
625 3352 820 3426 dummodo
838 3350 1032 3425 exhibuero
1048 3349 1332 3447 experimentum
1350 3402 1361 3439 ,
1388 3343 1485 3449 quod

166 3449 264 3550 apud
284 3452 360 3523 Du.
377 3451 547 3545 Boylium
564 3471 738 3523 autumno
755 3476 868 3551 nuper
886 3450 1002 3549 elapso
1019 3451 1058 3522 in
1075 3472 1161 3521 carre
1181 3444 1267 3529 feci,
1295 3447 1484 3530 Nimirum

108 3607 114 3617 .
164 3547 280 3646 injeci
307 3549 402 3626 intra
419 3573 549 3625 venam
568 3546 643 3644 ejus
659 3545 854 3646 iugularem
872 3545 1128 3647 sesquiunciarn
1147 3547 1290 3628 circiter
1307 3543 1486 3627 Mercurii

165 3648 295 3738 crudi,
323 3674 363 3722 ac
382 3648 488 3747 paulo
508 3645 583 3745 post
600 3645 814 3739 observavi,
840 3672 964 3721 canem
983 3643 1143 3720 tufficula
1159 3646 1243 3726 sicca
1269 3647 1407 3753 exiguis
1433 3644 1487 3717 in·

165 3747 331 3823 teruallir
347 3746 462 3848 ipsum
481 3746 666 3822 adoriente
683 3745 796 3819 affici.
824 3743 989 3820 Consuto
1007 3768 1084 3818 turn
1102 3746 1271 3843 vulnere,
1288 3770 1410 3826 canem
1433 3767 1486 3814 re·

165 3846 245 3923 mill
262 3848 489 3939 curandum,
516 3871 589 3920 non
614 3844 693 3919 aliis
717 3844 784 3918 islo
800 3845 943 3948 quidem
962 3869 1123 3945 tempore
1151 3850 1329 3925 Mercurii
1355 3842 1488 3922 :fleui-

124 3966 129 3978 ·
165 3949 232 4023 bus
251 3947 457 4024 annotarit.
485 3952 539 4023 At
565 3944 692 4020 exailo
712 3943 820 4019 biduo
836 3969 919 4018 cum
936 3944 1089 4020 eundem
1107 3948 1325 4040 reviserem,
1351 3937 1486 4019 offendi

167 4048 281 4163 ipsum
301 4047 363 4122 infi
391 4047 429 4121 ni
441 4045 653 4121 difficultate
673 4042 867 4142 respirandi
884 4043 1128 4137 laborantem,
1155 4044 1242 4122 sono
1259 4047 1378 4133 edito,
1403 4061 1489 4139 qua*-

164 4150 212 4221 hs
230 4074 436 4224 anheliieu
450 4140 626 4244 suspiciosi
643 4141 726 4240 equi
752 4143 819 4215 effe
835 4140 945 4227 solet3
973 4143 1089 4218 nullus
1105 4146 1251 4219 interim
1270 4168 1394 4220 tumor
1410 4157 1488 4210 erat

164 4247 262 4322 circa
279 4247 407 4348 linguae
424 4243 579 4319 radicem
600 4293 611 4330 ,
639 4265 751 4340 neque
777 4241 886 4314 ullam
913 4240 951 4312 in
968 4241 1144 4341 glandulis
1160 4241 1399 4318 maxillaribus
1426 4256 1489 4312 aut

164 4347 390 4458 parotidibus
417 4341 672 4430 inflationem,
700 4339 762 4412 dili
789 4337 965 4414 entissime
988 4341 1074 4413 licet
1094 4339 1296 4431 scrutatus,
1323 4333 1487 4416 invenire

217 4471 331 4522 teram
350 4473 361 4535 3
389 4470 455 4520 nec
479 4439 551 4545 ipse
567 4437 712 4514 saliuam
733 4365 912 4520 eliundere
929 4438 1174 4531 sentiebatur,
1202 4461 1241 4515 ut
1261 4438 1414 4515 maxime
1431 4460 1488 4520 ca-v

164 4473 280 4624 iiim
316 4544 490 4647 jusculum
525 4542 558 4615 ei
586 4538 732 4655 pleberi
759 4537 953 4635 julltssem,
987 4536 1235 4613 salivationern
1270 4539 1485 4639 expeblans.

162 4653 311 4746 Quarto
340 4645 414 4749 post
432 4640 610 4722 Mercurri
626 4637 858 4738 injeuionem
876 4637 933 4712 die
958 4635 1200 4807 moriellpaftpr,
1222 4634 1410 4811 postqoapn
1431 4633 1482 4707 bi·

263 4755 297 4822 T
296 4773 358 4826 om.
375 4749 422 4820 ll.
1390 4761 1436 4812 uo
