3784 5459
510 166 611 316 386
893 127 1409 259 Actu,

251 390 533 490 nostraadque
559 394 635 474 (ne
662 375 840 455 curiosum
859 372 1051 449 Leciorem
1077 367 1139 444 diu
1157 356 1336 459 mottr,)
1364 365 1553 482 ⁸Problcma
1572 363 1747 441 subtilim-

252 494 532 566 An.1692·mum
559 486 598 559 in
617 481 725 584 ipsam
744 483 773 550 F
774 476 996 550 oricularium
1014 469 1190 556 desinere,
1215 466 1305 541 adeo
1323 464 1392 540 furt
1420 494 1458 540 rn
1476 465 1581 559 fatrs,
1611 491 1650 542 ut
1676 493 1748 567 que

254 572 404 646 M·M²li·
428 590 544 691 figura
571 581 793 661 conveniunt
820 632 832 670 ,
867 576 905 650 in
931 571 1076 649 divetfis
1102 571 1232 669 linguat
1250 566 1375 642 nostra
1397 566 1581 645 Dialeciis
1602 572 1747 643 nominc

427 714 570 863 qpoque
591 680 810 770 convenire,
828 677 995 777 idemque
1012 672 1226 747 vocabulum
1243 671 1322 766 Scyl
1338 670 1374 741 ἃ
1392 668 1590 744 Germanis
1606 676 1746 758 Funere,

484 786 603 886 Belgis
629 785 742 856 Veluru
766 774 964 880 significare
991 771 1178 850 debuerit.
1206 768 1374 846 Praestitit
1400 768 1457 842 hic
1484 770 1597 843 etiam
1625 774 1748 845 Frater

430 888 588 989 aliquid,
606 882 790 984 postquam
810 878 884 976 ejus
903 874 1125 950 Methodum
1152 868 1400 973 (significarat
1417 870 1515 944 enim
1534 896 1599 970 per
1615 870 1748 959 literas,

430 988 466 1063 se
493 985 685 1062 Calculum
711 976 983 1056 Leiboitianum
1008 973 1202 1076 plurimum
1220 968 1430 1087 perfecisse)
1458 970 1686 1046 Problemate
1709 972 1746 1045 ad

429 1111 558 1192 puram
573 1080 825 1159 Geometriam
845 1075 996 1152 reducto
1019 1076 1120 1150 velut
1137 1071 1332 1173 specimine
1355 1092 1590 1164 tentaturus,
1619 1076 1746 1146 Curva·

431 1212 551 1263 turam
572 1183 647 1259 reli
672 1181 735 1257 sub
753 1177 815 1255 ista
842 1177 1064 1280 proprietate
1083 1172 1348 1249 delitescentem
1365 1171 1401 1244 ei
1417 1170 1744 1247 communicassent:

428 1299 448 1380 <
464 1286 616 1385 Sumptis
631 1283 816 1382 equalibus
829 1305 945 1354 curvae
960 1275 1209 1375 portiunculis,
1235 1272 1328 1346 Cubi
1349 1299 1389 1343 err
1411 1274 1532 1371 primis
1558 1273 1748 1368 differentiis

417 1389 665 1464 *ordinatarum
677 1387 761 1483 [rtur
771 1382 1036 1480 proportionales
1045 1374 1415 1475 secundisdiffererrtiir
1429 1374 1672 1469 adscrfforum)
1684 1374 1747 1475 lup

435 1488 552 1591 presso
570 1512 644 1588 quo
661 1485 730 1560 huc
748 1506 981 1585 perveneram
999 1477 1156 1554 artifieio
1174 1502 1185 1564 3
1213 1499 1366 1576 namque
1386 1474 1421 1548 δι
1441 1473 1513 1577 ipse
1533 1502 1579 1550 ex
1599 1477 1748 1580 proprie·

419 1613 512 1664 »tate
539 1586 605 1661 hac
624 1581 893 1661 Funiculariam
920 1580 1074 1654 feliciter
1101 1576 1243 1653 elicuit,
1358 1599 1363 1608 ·

488 1691 737 1762 Veruntamen
754 1682 892 1758 etiamli
907 1679 1071 1773 conllet,
1099 1679 1219 1753 velum
1245 1700 1359 1754 tento
1376 1673 1543 1754 inflatum
1559 1676 1659 1754 funis
1681 1704 1748 1753 cut-

396 1777 399 1782 ⁵
439 1787 608 1863 vedinem
625 1786 772 1861 induere
783 1839 795 1876 ,
811 1783 883 1857 hoc
901 1781 1063 1856 nondum
1081 1778 1294 1872 sufficit,ad
1312 1777 1626 1856 determinandum
1645 1777 1748 1882 (quod

262 1915 337 1999 rag.
355 1933 420 1995 203,
439 1887 652 1991 palmatium
669 1883 749 1979 est)
774 1887 873 1984 juxta
891 1908 1000 1984 quarn
1018 1879 1256 1956 directionem
1282 1905 1421 1981 quaque
1447 1878 1488 1954 vi
1515 1907 1536 1954 a
1553 1903 1663 1954 vento
1685 1880 1748 1953 int·

441 1987 624 2090 pellatur,
652 1984 716 2062 nifi
743 2010 886 2087 quoque
914 1981 1081 2072 constet,
1107 1980 1234 2081 quibus
1259 1979 1557 2081 suppofitionibus
1582 1980 1657 2054 ulus
1679 1978 1748 2053 fue·

438 2089 541 2179 rim,
568 2112 607 2161 ut
627 2086 815 2174 Problema
842 2107 1047 2158 aconcreta
1066 2081 1281 2157 Geometria
1308 2081 1354 2155 ad
1379 2106 1506 2182 puram
1533 2080 1747 2170 reducerem,

440 2213 662 2288 curvamque
679 2186 742 2262 sub
760 2182 1041 2260 characleristica
1068 2180 1134 2257 hac
1160 2180 1381 2282 proprietate
1409 2179 1645 2255 exhiberem.
1674 2184 1744 2253 No-

441 2313 519 2363 tum
537 2285 615 2380 est,
642 2285 739 2385 quod
764 2286 802 2359 in
823 2284 964 2359 theoria
990 2283 1094 2359 Artis
1112 2280 1276 2357 Nauticae
1303 2281 1424 2354 velum
1443 2279 1659 2362 confiderati
1681 2280 1750 2354 rul-

465 2413 490 2459 o
506 2382 616 2459 soleat
634 2384 742 2459 instar
768 2384 911 2484 Figura
938 2384 1079 2485 plauae,
1106 2407 1182 2483 quae
1208 2408 1229 2456 a
1256 2405 1369 2455 vento
1396 2381 1497 2479 juxta
1522 2381 1751 2458 direciionem

441 2413 505 2562 ibi
524 2484 852 2587 perpendicularem
870 2484 1104 2584 impellatur:
1135 2481 1227 2556 unde
1254 2507 1337 2557 cum
1365 2482 1447 2556 talis
1473 2508 1547 2556 noo
1574 2481 1646 2576 lit,
1672 2479 1751 2583 quid

442 2584 600 2676 mirum,
628 2583 713 2658 stex
732 2581 817 2659 fieta
835 2582 1021 2684 hypotheli
1040 2582 1249 2685 plerumque
1266 2608 1450 2674 erronee,
1477 2582 1689 2696 quandoque
1707 2606 1753 2656 et·

443 2684 516 2759 iam
542 2707 624 2770 cunr
650 2681 883 2759 inaestimabili
911 2683 1102 2759 hominum
1126 2681 1371 2784 mentiumque
1395 2684 1531 2758 damno
1565 2682 1753 2778 conjunclis

444 2781 687 2859 conclusiones
706 2781 947 2864 deducantur?
975 2787 1011 2857 A
1039 2784 1153 2859 noscit
1179 2782 1247 2884 bac
1274 2782 1314 2858 in
1332 2807 1433 2883 parte
1450 2783 1753 2885 imperfedlionem

445 2882 551 2960 Artis
570 2888 786 2979 Anonymus
812 2884 940 2959 Gallus
973 2810 1036 2958 sui
1061 2881 1171 2958 finem
1197 2882 1310 2957 libelli
1336 2883 1499 2984 egregii,
1525 2909 1629 2986 quem
1655 2884 1700 2954 de
1721 2884 1754 2988 lo

445 2985 588 3059 Tbeorie
613 2986 657 3062 de
671 2986 707 3057 lo
722 2988 924 3058 Mmouvre
940 2985 1001 3056 des
1016 2985 1185 3078 Vaiffe'uurt
1209 2982 1421 3083 inscriptum
1446 3006 1529 3057 ante
1551 3008 1681 3082 paucos
1694 3008 1757 3055 an·

444 3109 511 3160 nos
536 3083 630 3184 jussu
650 3083 750 3185 regio
776 3084 911 3175 edidit,
939 3106 1132 3185 monetque
1149 3082 1272 3157 uelum
1299 3083 1336 3156 in
1355 3082 1423 3158 luis
1438 3082 1587 3183 partibus
1604 3080 1652 3154 ob
1667 3105 1751 3154 cur-

445 3206 613 3260 vatutem
627 3180 727 3258 suam
752 3183 942 3258 secundum
962 3184 1078 3258 varias
1094 3183 1311 3262 diredlioncs
1328 3182 1488 3284 impelli,
1513 3181 1672 3283 adeoque
1701 3182 1754 3255 itr-

444 3305 503 3357 ter
519 3297 644 3357 omnes
658 3281 875 3358 directiones
892 3280 1046 3358 mediam
1055 3284 1234 3385 quandam
1250 3284 1489 3360 assumendam
1505 3282 1593 3370 elle3
1613 3306 1651 3356 at
1669 3307 1754 3384 qua·

445 3406 531 3459 nam
549 3382 611 3457 illa
627 3380 691 3472 fit,
718 3381 772 3456 uti
788 3381 1028 3458 determinare
1054 3410 1128 3460 noo
1147 3383 1279 3475 audet,
1306 3382 1352 3458 fic
1371 3411 1435 3485 per
1452 3409 1565 3457 meras
1580 3382 1751 3481 conjeilu·

444 3507 503 3557 ras
518 3479 687 3575 animat,
712 3482 845 3584 quode
870 3508 894 3556 ο
910 3481 1106 3559 scientifice
1123 3486 1159 3559 ce
1178 3506 1343 3559 accurate
1360 3483 1530 3590 consequi
1549 3483 1703 3575 docebo,
1719 3483 1748 3554 dt

445 3582 593 3681 quidem
617 3582 691 3675 ita,
717 3606 758 3658 ut
776 3583 835 3670 vel
846 3510 1103 3686 llupidillimus
1120 3588 1244 3660 Natura
1260 3609 1357 3658 meas
1375 3585 1516 3686 regulas
1543 3583 1702 3685 deinceps
1718 3583 1751 3655 in

442 3681 548 3857 psum
575 3682 768 3778 transferre
785 3681 916 3787 pollis,
942 3712 1029 3788 quas
1043 3682 1270 3787 sequentibus
1284 3682 1524 3761 Pofitionibus
1539 3684 1755 3787 comproben-

468 3806 555 3857 am.
1154 3837 1157 3844 .

262 3900 362 3972 TAB,
372 3896 421 3971 11,
499 3908 529 3956 1.
554 3879 593 3955 si
610 3877 770 3960 subtensa
786 3886 871 3961 Veli
889 3890 1007 3978 EBF,
1025 3886 1109 3990 (fig.
1125 3896 1165 3979 r)
1190 3887 1262 3962 boc
1277 3889 1347 3982 cst,
1364 3913 1428 3990 per
1445 3887 1691 3965 extremitates
1702 3909 1759 3956 ue·

201 4005 203 4009 “
282 3997 349 4079 Fig.
371 4016 395 4060 r.
444 3981 472 4057 li
489 3980 595 4057 dubia
612 3984 709 4059 reeta
727 3989 792 4059 EF
808 3986 912 4061 linea
928 3986 1138 4063 directionis
1154 3986 1258 4062 venti
1275 3993 1353 4065 AB
1380 3986 1685 4091 perpendicularis
1700 3983 1759 4070 ell,
1841 4003 1842 4088 p

444 4106 612 4158 arcuatur
628 4085 761 4159 Velum
787 4085 827 4161 in
843 4088 979 4161 circuli
989 4090 1196 4186 segmemum
1214 4141 1227 4180 ,
1253 4088 1353 4190 cujus
1370 4089 1457 4165 bafis
1472 4093 1587 4185 EF,
1613 4089 1686 4167 axis
1704 4088 1759 4163 AB
1841 4091 1842 4130 l

443 4183 636 4259 directioni
654 4185 756 4261 renti
775 4188 977 4286 parallelus.
1337 4250 1341 4256 .

495 4309 527 4355 2.
545 4283 641 4397 tuis,
656 4312 726 4387 qua
745 4287 878 4362 Velum
898 4286 999 4387 juxta
1016 4313 1119 4365 axem
1139 4293 1207 4367 ἈΒ
1223 4288 1448 4391 impellitur,
1474 4292 1717 4398 componitur
1728 4307 1763 4360 ex

444 4384 630 4459 celeritate
647 4388 770 4480 venti,
797 4390 833 4462 δι
849 4388 1012 4466 subtensa
1030 4391 1120 4465 veli.
1187 4441 1191 4446 >

493 4499 526 4580 3.
554 4485 652 4561 Hinc
671 4488 715 4564 ab
727 4488 854 4565 eodem
863 4515 980 4566 vento
993 4491 1117 4568 eadem
1130 4491 1171 4569 ri
1187 4493 1426 4601 impellentur
1440 4493 1523 4574 uela
1541 4491 1765 4591 Eram,

441 4607 597 4686 quorum
616 4586 777 4666 iubtenlb
794 4591 936 4667 eadem.
973 4647 977 4656 ‚

1611 4729 1647 4795 4.
1674 4699 1724 4774 Et
