3784 5459
485 291 561 399 86
881 230 1273 393 Acen

247 480 410 567 AdlssErin·
432 505 547 582 natim
573 500 610 580 in
629 499 788 579 fodinam
816 497 985 577 demittat
1004 499 1122 577 situlas
1137 504 1243 593 duae,
1270 524 1420 603 quarum
1439 499 1552 577 altere
1569 497 1630 574 hic
1642 516 1748 578 nota·

247 588 307 727 ff·
323 581 412 730 ᾖξε·
431 628 492 682 tur
509 611 565 699 C,
590 630 666 707 quar
680 600 853 677 ambobus
874 600 982 677 distis
1006 601 1101 678 funis
1115 600 1286 716 extremis
1311 626 1457 679 annexae
1481 599 1521 675 in
1547 601 1748 679 contrariae

387 705 397 727 “
430 705 567 808 semper
584 726 700 797 partes
717 701 898 780 renduntz
926 701 1158 779 descendente
1175 703 1355 779 nimrrum
1376 703 1509 793 altera,
1533 698 1670 778 sursum
1696 703 1750 778 al·

429 830 507 882 tera
532 795 707 895 ascendit,
733 828 864 905 aquam
890 803 948 878 rel
966 803 1142 878 mineram
1168 802 1286 879 secum
1303 800 1474 895 efferent,
1500 825 1565 881 eut
1581 800 1754 881 aliermo-
1879 826 1880 861 ι

427 907 479 981 les
505 931 525 977 e
552 926 655 981 terra
673 902 866 978 uisceribus
883 902 1082 978 eruendas.
1111 908 1177 978 Per
1205 903 1307 979 didlae
1333 925 1422 979 rotae
1445 926 1609 979 centrum
1637 925 1752 978 trans·

428 1003 550 1079 missus
575 1000 618 1079 fit
642 1003 720 1080 axin
745 1005 901 1096 DDD,
933 1002 1054 1105 ibique
1080 1000 1236 1078 firmiter
1262 1004 1467 1096 adhereat,
1491 1002 1661 1102 uinoque
1676 1002 1748 1079 ‚axi

428 1102 567 1181 circum
583 1103 634 1179 im
661 1103 815 1179 licentur
840 1101 943 1179 funes
969 1104 1041 1179 duo
1056 1108 1183 1197 EEE,
1209 1107 1331 1195 FFF,
1354 1102 1554 1181 erratione
1580 1125 1619 1175 ut
1638 1101 1749 1203 pistil-

412 1204 464 1279 'la
489 1204 563 1279 duo
579 1208 618 1280 H
635 1132 672 1279 dt
689 1209 748 1296 G,
774 1200 1007 1301 inferioribus
1030 1203 1211 1283 (lidorum
1237 1203 1380 1285 sunium
1397 1201 1569 1279 extremis
1584 1229 1746 1294 annexa,

429 1328 504 1378 non
519 1304 584 1379 nisr
609 1304 816 1380 alternatim
844 1303 1029 1380 ascendere
1058 1303 1115 1379 vel
1131 1303 1340 1382 descendere
1366 1328 1533 1406 queant,
1556 1304 1744 1403 alteroque

428 1401 659 1491 descendente
685 1405 838 1481 alterum
857 1402 1053 1485 necessario
1071 1402 1204 1479 sursum
1225 1404 1381 1480 feratur.
1407 1402 1746 1502 Concipiendnsunt

426 1500 542 1578 haecce
569 1503 698 1605 pissidia
723 1503 993 1604 excede-aptata
1020 1503 1156 1581 duobus
1182 1505 1278 1579 tubis
1300 1508 1371 1596 11,
1396 1506 1488 1595 LL,
1512 1502 1628 1601 licque
1647 1522 1746 1601 patet

426 1605 524 1702 quod
542 1602 566 1678 fi
584 1630 645 1703 per
662 1608 788 1682 tubum
806 1605 901 1678 ΜΜ
919 1658 931 1696 ,
957 1605 1113 1703 exempli
1156 1606 1245 1680 ratia
1272 1630 1334 1679 aer
1358 1627 1402 1679 ex
1429 1602 1519 1679 tubo
1537 1604 1599 1677 LL
1624 1626 1743 1679 extra·

424 1700 555 1794 hatur,
579 1702 747 1818 pistillum
765 1708 802 1779 G
820 1729 948 1804 magna
974 1705 1013 1778 vi
1039 1631 1203 1779 deorsum
1221 1705 1265 1780 ab
1282 1703 1512 1779 incumbente
1528 1727 1610 1776 aere
1626 1724 1747 1776 exter·

424 1826 477 1876 no
492 1803 732 1903 deprtmetur,
756 1828 928 1904 axemque
946 1808 1072 1879 DDD
1098 1803 1280 1879 mediante
1295 1802 1380 1877 sune
1395 1805 1459 1877 FF
1486 1801 1746 1877 circumvertet

423 1898 526 1974 srmul
551 1927 635 1976 cum-
661 1924 741 1977 rota
760 1908 857 1993 Are,
884 1905 978 1978 unde
995 1901 1079 1993 fier,
1105 1928 1144 1977 ut
1187 1902 1332 1979 islillurn
1350 1907 1389 1977 H
1406 1901 1507 1975 simul
1533 1926 1616 1974 eum
1642 1901 1746 1977 situla

424 2003 460 2074 C
485 1998 621 2076 sursum
645 1999 811 2077 serature
845 2004 981 2103 poterit
1008 2003 1136 2078 deinde
1162 1930 1262 2077 druia
1290 2004 1326 2075 C
1350 2000 1484 2100 depleri
1512 2000 1673 2074 materiis
1702 2025 1748 2075 ex

422 2088 547 2193 sodina
571 2098 705 2174 sursum
724 2101 887 2177 eveniet
914 2125 1096 2200 quumque
1121 2102 1248 2173 eodem
1267 2124 1428 2211 tempore
1453 2097 1622 2199 pillillum
1641 2103 1680 2172 H
1699 2100 1746 2175 ad

414 2195 668 2273 'summitatem
692 2198 772 2273 tubi
796 2202 836 2274 11
866 2199 1055 2297 peruenire
1075 2198 1228 2289 debeat,
1249 2197 1372 2270 licebit
1396 2196 1515 2273 llatirn
1534 2223 1596 2292 per
1614 2197 1742 2275 tubum

421 2298 504 2371 NN
533 2316 650 2371 aerem
677 2324 725 2371 ex
750 2300 839 2372 tubo
860 2301 903 2370 11
930 2299 1152 2389 extrahere,
1186 2297 1303 2396 ficque
1326 2293 1496 2395 pistillum
1522 2298 1561 2369 H
1588 2294 1742 2373 viciffim

422 2392 666 2494 deprimetur,
692 2394 966 2509 oppositumque
992 2394 1161 2496 pistillum
1181 2400 1218 2471 G
1246 2396 1390 2471 attollet
1418 2418 1501 2469 cum
1527 2392 1630 2469 situla
1654 2396 1744 2471 alte·

125 2602 127 2607 ,
231 2528 314 2620 pag·
332 2541 405 2620 ⁶45·
424 2493 457 2569 ri
483 2518 646 2575 extremo
673 2494 768 2570 sunrs
794 2498 887 2569 BBB
911 2520 1086 2589 annexa,
1120 2490 1347 2597 materiitque
1382 2494 1422 2567 in
1447 2520 1487 2567 ca
1522 2495 1739 2572 contentis:

422 2594 711 2709 prospiciendum
736 2620 827 2669 vero
849 2591 933 2687 est,
965 2620 1005 2670 ut
1030 2594 1125 2670 infra
1158 2594 1326 2698 pistillum
1353 2592 1543 2671 ascendens
1571 2618 1742 2671 externus

422 2697 748 2787 admrttaturaer,
771 2690 932 2795 alioquin
960 2695 1004 2768 ab
1028 2694 1191 2796 opposito
1218 2694 1352 2796 pistillo
1376 2719 1595 2794 nequaquam
1623 2694 1745 2792 posset

421 2793 577 2869 attrahit
602 2818 731 2870 verum
747 2795 861 2871 modo
875 2793 922 2869 1id
937 2791 1033 2887 fiat,
1058 2796 1360 2897 continueturque
1386 2796 1524 2869 alterna
1549 2792 1622 2868 haec
1646 2794 1742 2869 aeris

421 2893 622 2986 extrastio,
647 2918 746 2996 patet
764 2894 863 2997 quod
887 2894 1071 2970 intentum
1088 2921 1179 2996 opus
1194 2896 1366 2970 continue
1383 2892 1640 2996 quoquepossit
1652 2918 1739 2969 con·

419 2991 501 3067 fici:
520 2992 1083 3167 ‚hocunumitqquemihireslam
1101 3020 1140 3069 ut
1149 2994 1327 3071 rationem
1341 2994 1544 3083 ostendam,
1560 2992 1741 3095 quadisla.

419 3094 510 3173 aeris
535 3094 713 3169 extradlio
740 3121 759 3169 a
796 3093 883 3169 uvio
898 3093 1009 3169 etiam
1034 3096 1142 3196 longe
1169 3094 1289 3170 diffito
1307 3094 1463 3169 feliciter
1478 3093 1583 3195 pellit
1593 3095 1737 3195 peragi.

441 3266 445 3271 .
468 3193 548 3265 Sint
574 3198 675 3284 00,
700 3198 800 3282 OO,
823 3192 900 3269 due
916 3194 1059 3285 antliae,
1083 3219 1235 3297 quarum
1260 3192 1389 3295 pistilla
1416 3198 1484 3284 V,
1511 3197 1576 3285 V,
1601 3191 1738 3271 sursum

412 3293 453 3363 δι
482 3288 645 3365 deorsum
670 3291 879 3373 alternatim
907 3319 972 3394 per
996 3293 1267 3371 converstonem
1291 3295 1493 3370 axisPPPP
1520 3316 1737 3386 moventur,

417 3389 475 3466 cui
503 3389 560 3465 axi
587 3387 744 3469 firmiter
776 3392 951 3481 adhereat
985 3418 1067 3470 rota
1094 3397 1220 3489 QQa
1244 3392 1395 3470 flumine
1427 3393 1553 3494 aliquo
1584 3392 1739 3470 circum·

417 3490 576 3603 agenda:
604 3515 701 3591 patet
728 3493 876 3596 quodsi
904 3494 1006 3570 dille
1033 3495 1150 3572 antliae
1178 3498 1275 3587 00,
1303 3492 1656 3601 ominamurque
1704 3494 1734 3568 i-

415 3587 509 3665 sttlla
531 3591 652 3665 *valvis
674 3592 736 3685 T,
759 3596 820 3686 T,
844 3597 913 3686 T,
929 3598 992 3686 T,
1013 3593 1271 3690 convenienter
1295 3594 1466 3671 instrudla
1493 3590 1590 3684 lint,
1625 3521 1734 3670 inser

415 3688 577 3789 vulgaris
590 3691 708 3775 antlire
721 3692 907 3786 samaria,
928 3693 1302 3785 debeantnecessario‚
1329 3720 1392 3794 per
1410 3695 1534 3769 tubum
1546 3696 1733 3773 RRRRR

415 3787 454 3869 &⁴
477 3787 703 3889 epissomiurn
725 3796 807 3886 88,
831 3820 950 3871 aerem
974 3795 1148 3877 continue
1173 3792 1388 3870 extraheret
1417 3791 1643 3894 epistomium
1671 3821 1731 3870 au·

413 3908 489 3967 tem
505 3892 575 3979 SS,
599 3888 696 3967 sacili
722 3896 875 3996 negotio
898 3894 951 3971 ita
977 3893 1090 3993 potest
1116 3892 1341 3994 comparari,
1366 3892 1535 3971 utdebita
1559 3892 1735 3970 verticilli.

412 3986 734 4069 circumrotatione
759 3995 925 4096 geminus
950 3993 1168 4094 producatur
1186 3991 1351 4071 effessum
1383 4008 1444 4089 ι’,
1468 3993 1666 4088 nimirum,
1690 4019 1732 4070 ut

409 4085 506 4163 insra
532 4087 701 4187 pistillum
726 4093 949 4169 ascensurum
976 4093 1050 4171 aeri
1077 4119 1231 4171 externo
1253 4093 1428 4196 ingressus
1441 4093 1645 4196 aperiatur;
1669 4121 1731 4171 ot·

413 4187 578 4265 cludatur
602 4217 692 4266 xero
717 4193 811 4269 infra
837 4191 1006 4295 pistillum
1033 4193 1306 4270 descensurum:
1344 4209 1396 4268 20.
1423 4218 1464 4268 ut
1489 4194 1732 4273 communica-

413 4286 577 4364 ciocum
603 4292 827 4370 tuboRRR
862 4291 956 4369 infra
983 4293 1152 4397 pistillum
1184 4292 1429 4370 descensurum
1457 4295 1688 4396 permittatur
1715 4324 1731 4389 ς

409 4385 611 4469 obstruatur
635 4417 728 4467 vero
753 4391 846 4468 insta
874 4393 1042 4493 pistillum
1068 4394 1318 4475 ascensurum:
1346 4393 1449 4470 facile
1469 4396 1583 4497 igitur
1599 4394 1732 4471 efficie-

309 4500 314 4509 ’
408 4506 507 4598 mus,
531 4513 570 4564 ut
594 4491 680 4567 dum
708 4492 877 4594 pistillum
898 4499 967 4586 G,
991 4493 1146 4593 exempli
1173 4492 1322 4594 gratia,
1353 4520 1400 4569 ex
1424 4494 1602 4596 superiori
1626 4520 1732 4597 parte

404 4582 562 4700 tulus-17
586 4591 795 4669 descendere
821 4594 925 4669 debet
951 4646 964 4685 ‚
998 4593 1092 4668 infra
1114 4593 1249 4668 didlum
1278 4592 1446 4694 pillillum
1473 4596 1548 4669 aeri
1573 4619 1728 4675 externo

404 4683 518 4759 aditus
550 4694 833 4786 intercludatur,
860 4693 1145 4779 communicatio
1170 4719 1259 4771 vero
1276 4720 1357 4771 cum
1385 4698 1477 4775 tubo
1495 4698 1566 4773 RR
1596 4722 1659 4797 per
1670 4720 1726 4777 tu·

1589 4796 1676 4878 bum
